<?xml version="1.0" encoding="UTF-8"?>
<!DOCTYPE html PUBLIC "-//W3C//DTD XHTML 1.0 Transitional//EN"
    "http://www.w3.org/TR/xhtml1/DTD/xhtml1-transitional.dtd">
<html xmlns="http://www.w3.org/1999/xhtml" xml:lang="en" lang="en">
 <head>
  <title>
</title>
<meta http-equiv="Content-Type" content="text/html;charset=utf-8" />
  <meta name='ocr-system' content='tesseract 3.04.00' />
  <meta name='ocr-capabilities' content='ocr_page ocr_carea ocr_par ocr_line ocrx_word'/>
</head>
<body>
  <div class='ocr_page' id='page_1' title='image "./mtulliiciceroni07baitgoog_0196.png"; bbox 0 0 2167 3425; ppageno 0'>
   <div class='ocr_carea' id='block_1_1' title="bbox 268 413 901 2842">
    <p class='ocr_par' dir='ltr' id='par_1_1' title="bbox 273 413 762 479">
     <span class='ocr_line' id='line_1_1' title="bbox 273 413 762 479; baseline -0.012 -1"><span class='ocrx_word' id='word_1_1' title='bbox 273 415 338 479; x_wconf 69' lang='lat'>188¹</span> <span class='ocrx_word' id='word_1_2' title='bbox 374 415 554 474; x_wconf 84' lang='lat' dir='ltr'><strong>DE&#39;NAT.</strong></span> <span class='ocrx_word' id='word_1_3' title='bbox 572 413 762 472; x_wconf 81' lang='lat' dir='ltr'>DEORUM</span> 
     </span>
    </p>

    <p class='ocr_par' dir='ltr' id='par_1_2' title="bbox 268 510 901 2842">
     <span class='ocr_line' id='line_1_2' title="bbox 269 510 901 593; baseline 0.002 -22"><span class='ocrx_word' id='word_1_4' title='bbox 269 513 371 588; x_wconf 84' lang='lat' dir='ltr'>uraris,</span> <span class='ocrx_word' id='word_1_5' title='bbox 387 512 422 572; x_wconf 80' lang='lat' dir='ltr'>ad</span> <span class='ocrx_word' id='word_1_6' title='bbox 439 514 545 572; x_wconf 81' lang='lat' dir='ltr'>omnia.</span> <span class='ocrx_word' id='word_1_7' title='bbox 611 511 690 570; x_wconf 82' lang='lat' dir='ltr'>Tum</span> <span class='ocrx_word' id='word_1_8' title='bbox 704 516 802 587; x_wconf 77' lang='lat' dir='ltr'>Cotta,</span> <span class='ocrx_word' id='word_1_9' title='bbox 819 510 901 593; x_wconf 84' lang='lat' dir='ltr'><strong>op···2</strong></span> 
     </span>
     <span class='ocr_line' id='line_1_3' title="bbox 270 595 875 678; baseline 0 -20"><span class='ocrx_word' id='word_1_10' title='bbox 270 599 347 673; x_wconf 82' lang='lat' dir='ltr'>time,</span> <span class='ocrx_word' id='word_1_11' title='bbox 357 601 465 678; x_wconf 86' lang='lat' dir='ltr'>iuquit:</span> <span class='ocrx_word' id='word_1_12' title='bbox 478 595 833 678; x_wconf 76' lang='lat' dir='ltr'>quamobremficagamue,</span> <span class='ocrx_word' id='word_1_13' title='bbox 841 613 875 658; x_wconf 88' lang='lat' dir='ltr'>nt</span> 
     </span>
     <span class='ocr_line' id='line_1_4' title="bbox 269 681 875 766; baseline -0.003 -20"><span class='ocrx_word' id='word_1_14' title='bbox 269 705 324 748; x_wconf 82' lang='lat' dir='ltr'>nos</span> <span class='ocrx_word' id='word_1_15' title='bbox 332 684 390 766; x_wconf 83' lang='lat' dir='ltr'>ipsa</span> <span class='ocrx_word' id='word_1_16' title='bbox 404 685 480 744; x_wconf 78' lang='lat' dir='ltr'>ducit</span> <span class='ocrx_word' id='word_1_17' title='bbox 490 684 593 744; x_wconf 73' lang='lat' dir='ltr'>omtio&#39;.</span> <span class='ocrx_word' id='word_1_18' title='bbox 617 681 661 741; x_wconf 83' lang='lat' dir='ltr'>sed</span> <span class='ocrx_word' id='word_1_19' title='bbox 675 698 827 762; x_wconf 70' lang='lat' dir='ltr'>antequam</span> <span class='ocrx_word' id='word_1_20' title='bbox 838 684 875 744; x_wconf 88' lang='lat' dir='ltr'>de</span> 
     </span>
     <span class='ocr_line' id='line_1_5' title="bbox 268 769 875 852; baseline -0.003 -20"><span class='ocrx_word' id='word_1_21' title='bbox 268 792 309 847; x_wconf 82' lang='lat' dir='ltr'>re,</span> <span class='ocrx_word' id='word_1_22' title='bbox 321 793 407 852; x_wconf 79' lang='lat' dir='ltr'>pauco</span> <span class='ocrx_word' id='word_1_23' title='bbox 413 771 448 831; x_wconf 90' lang='lat' dir='ltr'>de</span> <span class='ocrx_word' id='word_1_24' title='bbox 458 791 513 830; x_wconf 88' lang='lat' dir='ltr'>me.</span> <span class='ocrx_word' id='word_1_25' title='bbox 536 791 598 852; x_wconf 86' lang='lat' dir='ltr'>non</span> <span class='ocrx_word' id='word_1_26' title='bbox 613 770 688 828; x_wconf 83' lang='lat' dir='ltr'>euim</span> <span class='ocrx_word' id='word_1_27' title='bbox 696 769 875 830; x_wconf 83' lang='lat' dir='ltr'>mediocriter</span> 
     </span>
     <span class='ocr_line' id='line_1_6' title="bbox 269 855 881 936; baseline -0.003 -18"><span class='ocrx_word' id='word_1_28' title='bbox 269 877 386 918; x_wconf 80' lang='lat' dir='ltr'>moveor</span> <span class='ocrx_word' id='word_1_29' title='bbox 392 859 553 936; x_wconf 61' lang='lat' dir='ltr'>aemunitate</span> <span class='ocrx_word' id='word_1_30' title='bbox 561 872 620 931; x_wconf 75' lang='lat' dir='ltr'>mo,</span> <span class='ocrx_word' id='word_1_31' title='bbox 626 855 721 931; x_wconf 76' lang='lat' dir='ltr'>Balbe,</span> <span class='ocrx_word' id='word_1_32' title='bbox 730 858 881 916; x_wconf 79' lang='lat' dir='ltr'>oratione·-</span> 
     </span>
     <span class='ocr_line' id='line_1_7' title="bbox 269 941 881 1024; baseline 0.002 -23"><span class='ocrx_word' id='word_1_33' title='bbox 269 963 323 1022; x_wconf 85' lang='lat' dir='ltr'>que</span> <span class='ocrx_word' id='word_1_34' title='bbox 330 963 444 1022; x_wconf 60' lang='lat' dir='ltr'>emquee</span> <span class='ocrx_word' id='word_1_35' title='bbox 452 964 496 1002; x_wconf 91' lang='lat' dir='ltr'>me</span> <span class='ocrx_word' id='word_1_36' title='bbox 505 945 534 1001; x_wconf 91' lang='lat' dir='ltr'>in</span> <span class='ocrx_word' id='word_1_37' title='bbox 543 941 701 1024; x_wconf 78' lang='lat' dir='ltr'>perorando</span> <span class='ocrx_word' id='word_1_38' title='bbox 708 943 881 1003; x_wconf 66' lang='lat' dir='ltr'>colmanno·-</span> 
     </span>
     <span class='ocr_line' id='line_1_8' title="bbox 270 1028 881 1106; baseline 0.002 -18"><span class='ocrx_word' id='word_1_39' title='bbox 270 1044 327 1104; x_wconf 79' lang='lat' dir='ltr'>tur,</span> <span class='ocrx_word' id='word_1_40' title='bbox 338 1045 370 1088; x_wconf 88' lang='lat' dir='ltr'>ut</span> <span class='ocrx_word' id='word_1_41' title='bbox 384 1029 573 1105; x_wconf 67' lang='lat' dir='ltr'>meminissem,</span> <span class='ocrx_word' id='word_1_42' title='bbox 584 1050 629 1090; x_wconf 88' lang='lat' dir='ltr'>me</span> <span class='ocrx_word' id='word_1_43' title='bbox 642 1045 671 1089; x_wconf 83' lang='lat' dir='ltr'>et</span> <span class='ocrx_word' id='word_1_44' title='bbox 682 1035 795 1088; x_wconf 74' lang='lat' dir='ltr'>Cottam</span> <span class='ocrx_word' id='word_1_45' title='bbox 810 1028 881 1106; x_wconf 85' lang='lat' dir='ltr'>effe,</span> 
     </span>
     <span class='ocr_line' id='line_1_9' title="bbox 269 1114 880 1196; baseline 0 -20"><span class='ocrx_word' id='word_1_46' title='bbox 269 1114 480 1196; x_wconf 75' lang='lat' dir='ltr'>etpontificem.</span> <span class='ocrx_word' id='word_1_47' title='bbox 504 1116 581 1196; x_wconf 87' lang='lat' dir='ltr'>quod</span> <span class='ocrx_word' id='word_1_48' title='bbox 589 1137 634 1190; x_wconf 91' lang='lat' dir='ltr'>eo,</span> <span class='ocrx_word' id='word_1_49' title='bbox 646 1115 740 1190; x_wconf 83' lang='lat' dir='ltr'>credo,</span> <span class='ocrx_word' id='word_1_50' title='bbox 751 1116 880 1192; x_wconf 78' lang='lat' dir='ltr'>valebat,-</span> 
     </span>
     <span class='ocr_line' id='line_1_10' title="bbox 271 1203 875 1284; baseline -0.003 -20"><span class='ocrx_word' id='word_1_51' title='bbox 271 1216 308 1264; x_wconf 65' lang='grc' dir='ltr'>ιιι»</span> <span class='ocrx_word' id='word_1_52' title='bbox 318 1205 479 1283; x_wconf 81' lang='lat' dir='ltr'>opiniones,</span> <span class='ocrx_word' id='word_1_53' title='bbox 493 1223 563 1283; x_wconf 80' lang='lat' dir='ltr'>quae</span> <span class='ocrx_word' id='word_1_54' title='bbox 574 1203 753 1281; x_wconf 77' lang='lat' dir='ltr'>majoribus</span> <span class='ocrx_word' id='word_1_55' title='bbox 766 1205 875 1284; x_wconf 81' lang='lat' dir='ltr'>accepi·</span> 
     </span>
     <span class='ocr_line' id='line_1_11' title="bbox 271 1287 875 1363; baseline -0.002 -13"><span class='ocrx_word' id='word_1_56' title='bbox 271 1309 333 1350; x_wconf 76' lang='lat' dir='ltr'>mus</span> <span class='ocrx_word' id='word_1_57' title='bbox 348 1289 382 1350; x_wconf 88' lang='lat' dir='ltr'>de</span> <span class='ocrx_word' id='word_1_58' title='bbox 396 1289 449 1350; x_wconf 84' lang='lat' dir='ltr'>diis</span> <span class='ocrx_word' id='word_1_59' title='bbox 464 1288 677 1363; x_wconf 78' lang='lat' dir='ltr'>immortalibus,</span> <span class='ocrx_word' id='word_1_60' title='bbox 688 1287 772 1363; x_wconf 80' lang='lat' dir='ltr'>sacra,</span> <span class='ocrx_word' id='word_1_61' title='bbox 782 1309 875 1349; x_wconf 83' lang='lat' dir='ltr'>caete·</span> 
     </span>
     <span class='ocr_line' id='line_1_12' title="bbox 271 1374 875 1454; baseline -0.003 -16"><span class='ocrx_word' id='word_1_62' title='bbox 271 1379 392 1452; x_wconf 73' lang='lat' dir='ltr'>monins,</span> <span class='ocrx_word' id='word_1_63' title='bbox 403 1374 602 1454; x_wconf 83' lang='lat' dir='ltr'>religionesque</span> <span class='ocrx_word' id='word_1_64' title='bbox 611 1374 797 1436; x_wconf 85' lang='lat' dir='ltr'>defenderem.</span> <span class='ocrx_word' id='word_1_65' title='bbox 820 1397 875 1452; x_wconf 84' lang='lat' dir='ltr'>ego</span> 
     </span>
     <span class='ocr_line' id='line_1_13' title="bbox 272 1459 884 1547; baseline -0.002 -25"><span class='ocrx_word' id='word_1_66' title='bbox 272 1481 342 1522; x_wconf 76' lang='lat' dir='ltr'>ueto</span> <span class='ocrx_word' id='word_1_67' title='bbox 356 1469 402 1547; x_wconf 68' lang='lat' dir='ltr'>em</span> <span class='ocrx_word' id='word_1_68' title='bbox 421 1461 567 1522; x_wconf 81' lang='lat' dir='ltr'>defendam</span> <span class='ocrx_word' id='word_1_69' title='bbox 577 1460 695 1542; x_wconf 83' lang='lat' dir='ltr'>semper,</span> <span class='ocrx_word' id='word_1_70' title='bbox 715 1459 884 1541; x_wconf 82' lang='lat' dir='ltr'>semperque·</span> 
     </span>
     <span class='ocr_line' id='line_1_14' title="bbox 272 1545 882 1629; baseline 0 -21"><span class='ocrx_word' id='word_1_71' title='bbox 272 1545 398 1608; x_wconf 82' lang='lat' dir='ltr'>defendi:</span> <span class='ocrx_word' id='word_1_72' title='bbox 410 1568 464 1609; x_wconf 86' lang='lat' dir='ltr'>uec</span> <span class='ocrx_word' id='word_1_73' title='bbox 471 1569 516 1608; x_wconf 88' lang='lat' dir='ltr'>me</span> <span class='ocrx_word' id='word_1_74' title='bbox 523 1549 752 1629; x_wconf 76' lang='lat' dir='ltr'>exeaopinione,</span> <span class='ocrx_word' id='word_1_75' title='bbox 763 1569 847 1628; x_wconf 74' lang='lat' dir='ltr'>quam</span> <span class='ocrx_word' id='word_1_76' title='bbox 858 1569 882 1608; x_wconf 74' lang='lat' dir='ltr'>o-</span> 
     </span>
     <span class='ocr_line' id='line_1_15' title="bbox 273 1633 883 1717; baseline -0.002 -21"><span class='ocrx_word' id='word_1_77' title='bbox 273 1633 425 1713; x_wconf 76' lang='lat' dir='ltr'>majoribus</span> <span class='ocrx_word' id='word_1_78' title='bbox 441 1638 531 1717; x_wconf 75' lang='lat' dir='ltr'>accepi</span> <span class='ocrx_word' id='word_1_79' title='bbox 545 1634 581 1695; x_wconf 91' lang='lat' dir='ltr'>de</span> <span class='ocrx_word' id='word_1_80' title='bbox 598 1635 674 1694; x_wconf 85' lang='lat' dir='ltr'>cuitu</span> <span class='ocrx_word' id='word_1_81' title='bbox 688 1634 804 1698; x_wconf 82' lang='lat' dir='ltr'>deorum</span> <span class='ocrx_word' id='word_1_82' title='bbox 823 1637 883 1695; x_wconf 79' lang='lat' dir='ltr'>im-</span> 
     </span>
     <span class='ocr_line' id='line_1_16' title="bbox 271 1721 883 1802; baseline 0.003 -21"><span class='ocrx_word' id='word_1_83' title='bbox 271 1721 447 1797; x_wconf 72' lang='lat' dir='ltr'>mortalium,</span> <span class='ocrx_word' id='word_1_84' title='bbox 473 1722 558 1781; x_wconf 80' lang='lat' dir='ltr'>ullius</span> <span class='ocrx_word' id='word_1_85' title='bbox 576 1742 700 1802; x_wconf 84' lang='lat' dir='ltr'>unquam</span> <span class='ocrx_word' id='word_1_86' title='bbox 717 1726 809 1782; x_wconf 78' lang='lat' dir='ltr'>oratio</span> <span class='ocrx_word' id='word_1_87' title='bbox 828 1738 883 1783; x_wconf 76' lang='lat' dir='ltr'>auu.</span> 
     </span>
     <span class='ocr_line' id='line_1_17' title="bbox 272 1805 882 1869; baseline 0 0"><span class='ocrx_word' id='word_1_88' title='bbox 272 1805 347 1869; x_wconf 74' lang='lat' dir='ltr'>dom</span> <span class='ocrx_word' id='word_1_89' title='bbox 355 1808 515 1869; x_wconf 67' lang='lat' dir='ltr'>autindoeii</span> <span class='ocrx_word' id='word_1_90' title='bbox 520 1810 655 1869; x_wconf 85' lang='lat' dir='ltr'>movebit.</span> <span class='ocrx_word' id='word_1_91' title='bbox 668 1807 712 1869; x_wconf 84' lang='lat' dir='ltr'>sod</span> <span class='ocrx_word' id='word_1_92' title='bbox 720 1830 782 1869; x_wconf 88' lang='lat' dir='ltr'>cum</span> <span class='ocrx_word' id='word_1_93' title='bbox 788 1808 824 1869; x_wconf 89' lang='lat' dir='ltr'>de</span> <span class='ocrx_word' id='word_1_94' title='bbox 832 1832 882 1869; x_wconf 77' lang='lat' dir='ltr'>re·</span> 
     </span>
     <span class='ocr_line' id='line_1_18' title="bbox 271 1892 878 1974; baseline 0 -19"><span class='ocrx_word' id='word_1_95' title='bbox 271 1892 376 1973; x_wconf 76' lang='lat' dir='ltr'>ligione</span> <span class='ocrx_word' id='word_1_96' title='bbox 383 1897 484 1974; x_wconf 77' lang='lat' dir='ltr'>agitur,</span> <span class='ocrx_word' id='word_1_97' title='bbox 497 1901 537 1954; x_wconf 89' lang='lat' dir='ltr'>T.</span> <span class='ocrx_word' id='word_1_98' title='bbox 547 1899 767 1971; x_wconf 78' lang='lat' dir='ltr'>Coruncanium,</span> <span class='ocrx_word' id='word_1_99' title='bbox 778 1903 809 1956; x_wconf 89' lang='lat' dir='ltr'>P.</span> <span class='ocrx_word' id='word_1_100' title='bbox 818 1900 878 1955; x_wconf 85' lang='lat' dir='ltr'>Soi-</span> 
     </span>
     <span class='ocr_line' id='line_1_19' title="bbox 273 1981 883 2063; baseline -0.005 -20"><span class='ocrx_word' id='word_1_101' title='bbox 273 1982 441 2063; x_wconf 82' lang='lat' dir='ltr'>pionem‚.P.</span> <span class='ocrx_word' id='word_1_102' title='bbox 450 1982 620 2055; x_wconf 78' lang='lat' dir='ltr'>Scaevolam,</span> <span class='ocrx_word' id='word_1_103' title='bbox 630 1981 883 2061; x_wconf 81' lang='lat' dir='ltr'>pontificesmaxi··</span> 
     </span>
     <span class='ocr_line' id='line_1_20' title="bbox 271 2068 878 2143; baseline 0 -16"><span class='ocrx_word' id='word_1_104' title='bbox 271 2086 347 2143; x_wconf 78' lang='lat' dir='ltr'>moe,</span> <span class='ocrx_word' id='word_1_105' title='bbox 359 2088 419 2127; x_wconf 89' lang='lat' dir='ltr'>non</span> <span class='ocrx_word' id='word_1_106' title='bbox 428 2069 582 2141; x_wconf 88' lang='lat' dir='ltr'>Zenonem,</span> <span class='ocrx_word' id='word_1_107' title='bbox 591 2080 640 2124; x_wconf 78' lang='lat' dir='ltr'>aut</span> <span class='ocrx_word' id='word_1_108' title='bbox 647 2068 821 2142; x_wconf 80' lang='lat' dir='ltr'>Cleanthem,</span> <span class='ocrx_word' id='word_1_109' title='bbox 829 2083 878 2127; x_wconf 83' lang='lat' dir='ltr'>aut</span> 
     </span>
     <span class='ocr_line' id='line_1_21' title="bbox 273 2150 878 2232; baseline 0.005 -22"><span class='ocrx_word' id='word_1_110' title='bbox 273 2150 453 2232; x_wconf 82' lang='lat' dir='ltr'>Chryfippum</span> <span class='ocrx_word' id='word_1_111' title='bbox 463 2151 579 2231; x_wconf 80' lang='lat' dir='ltr'>sequor:</span> <span class='ocrx_word' id='word_1_112' title='bbox 598 2154 739 2231; x_wconf 75' lang='lat' dir='ltr'>habeoque</span> <span class='ocrx_word' id='word_1_113' title='bbox 752 2157 789 2213; x_wconf 84' lang='lat' dir='ltr'>C.</span> <span class='ocrx_word' id='word_1_114' title='bbox 806 2161 878 2213; x_wconf 82' lang='lat' dir='ltr'>Lae·</span> 
     </span>
     <span class='ocr_line' id='line_1_22' title="bbox 272 2234 878 2317; baseline 0.003 -22"><span class='ocrx_word' id='word_1_115' title='bbox 272 2234 341 2296; x_wconf 78' lang='lat' dir='ltr'>lium</span> <span class='ocrx_word' id='word_1_116' title='bbox 359 2258 504 2316; x_wconf 81' lang='lat' dir='ltr'>augurem,</span> <span class='ocrx_word' id='word_1_117' title='bbox 526 2237 699 2315; x_wconf 86' lang='lat' dir='ltr'>eundemque</span> <span class='ocrx_word' id='word_1_118' title='bbox 716 2236 878 2317; x_wconf 81' lang='lat' dir='ltr'>sapientem,</span> 
     </span>
     <span class='ocr_line' id='line_1_23' title="bbox 275 2322 876 2404; baseline 0 -24"><span class='ocrx_word' id='word_1_119' title='bbox 275 2341 356 2401; x_wconf 87' lang='lat' dir='ltr'>quem</span> <span class='ocrx_word' id='word_1_120' title='bbox 372 2325 465 2404; x_wconf 81' lang='lat' dir='ltr'>potius</span> <span class='ocrx_word' id='word_1_121' title='bbox 477 2323 586 2383; x_wconf 84' lang='lat' dir='ltr'>audiam</span> <span class='ocrx_word' id='word_1_122' title='bbox 597 2322 876 2400; x_wconf 77' lang='lat' dir='ltr'>dereligiouedicen·</span> 
     </span>
     <span class='ocr_line' id='line_1_24' title="bbox 275 2410 877 2489; baseline -0.002 -21"><span class='ocrx_word' id='word_1_123' title='bbox 275 2424 332 2469; x_wconf 77' lang='lat' dir='ltr'>tem</span> <span class='ocrx_word' id='word_1_124' title='bbox 342 2410 428 2471; x_wconf 85' lang='lat' dir='ltr'>inilia</span> <span class='ocrx_word' id='word_1_125' title='bbox 439 2413 567 2470; x_wconf 84' lang='lat' dir='ltr'>oratione</span> <span class='ocrx_word' id='word_1_126' title='bbox 577 2410 676 2483; x_wconf 89' lang='lat' dir='ltr'>nobili,</span> <span class='ocrx_word' id='word_1_127' title='bbox 688 2430 770 2489; x_wconf 87' lang='lat' dir='ltr'>quam</span> <span class='ocrx_word' id='word_1_128' title='bbox 780 2428 877 2488; x_wconf 86' lang='lat' dir='ltr'>quem·</span> 
     </span>
     <span class='ocr_line' id='line_1_25' title="bbox 274 2499 882 2577; baseline -0.005 -20"><span class='ocrx_word' id='word_1_129' title='bbox 274 2515 358 2575; x_wconf 84' lang='lat' dir='ltr'>quam</span> <span class='ocrx_word' id='word_1_130' title='bbox 366 2499 516 2577; x_wconf 81' lang='lat' dir='ltr'>principem</span> <span class='ocrx_word' id='word_1_131' title='bbox 523 2499 809 2576; x_wconf 86' lang='lat' dir='ltr'>Stoicomm.cumque</span> <span class='ocrx_word' id='word_1_132' title='bbox 815 2516 882 2555; x_wconf 82' lang='lat' dir='ltr'>om·</span> 
     </span>
     <span class='ocr_line' id='line_1_26' title="bbox 274 2582 877 2663; baseline 0 -20"><span class='ocrx_word' id='word_1_133' title='bbox 274 2583 320 2643; x_wconf 69' lang='lat' dir='ltr'>nie</span> <span class='ocrx_word' id='word_1_134' title='bbox 329 2584 425 2663; x_wconf 78' lang='lat' dir='ltr'>populi</span> <span class='ocrx_word' id='word_1_135' title='bbox 434 2586 552 2643; x_wconf 84' lang='lat' dir='ltr'>Romani</span> <span class='ocrx_word' id='word_1_136' title='bbox 566 2585 664 2662; x_wconf 71' lang='lat' dir='ltr'>religio</span> <span class='ocrx_word' id='word_1_137' title='bbox 674 2586 705 2643; x_wconf 91' lang='lat' dir='ltr'>iu</span> <span class='ocrx_word' id='word_1_138' title='bbox 716 2582 801 2658; x_wconf 81' lang='lat' dir='ltr'>sacra,</span> <span class='ocrx_word' id='word_1_139' title='bbox 812 2598 840 2642; x_wconf 90' lang='lat' dir='ltr'>et</span> <span class='ocrx_word' id='word_1_140' title='bbox 848 2584 877 2643; x_wconf 89' lang='lat' dir='ltr'>iu</span> 
     </span>
     <span class='ocr_line' id='line_1_27' title="bbox 275 2666 879 2751; baseline 0.005 -25"><span class='ocrx_word' id='word_1_141' title='bbox 275 2666 394 2747; x_wconf 76' lang='lat' dir='ltr'>auspiciu</span> <span class='ocrx_word' id='word_1_142' title='bbox 401 2670 487 2731; x_wconf 82' lang='lat' dir='ltr'>divisa</span> <span class='ocrx_word' id='word_1_143' title='bbox 493 2669 663 2731; x_wconf 72' lang='lat' dir='ltr'>fititertium</span> <span class='ocrx_word' id='word_1_144' title='bbox 670 2671 829 2751; x_wconf 65' lang='lat' dir='ltr'>odjunoinm</span> <span class='ocrx_word' id='word_1_145' title='bbox 835 2669 879 2743; x_wconf 68' lang='lat' dir='ltr'>fir,</span> 
     </span>
     <span class='ocr_line' id='line_1_28' title="bbox 273 2748 880 2842; baseline 0.007 -28"><span class='ocrx_word' id='word_1_146' title='bbox 273 2748 369 2831; x_wconf 73' lang='lat' dir='ltr'>iiquid</span> <span class='ocrx_word' id='word_1_147' title='bbox 383 2758 578 2839; x_wconf 74' lang='lat' dir='ltr'>praediuionis</span> <span class='ocrx_word' id='word_1_148' title='bbox 589 2756 678 2838; x_wconf 83' lang='lat' dir='ltr'>musa,</span> <span class='ocrx_word' id='word_1_149' title='bbox 692 2779 731 2820; x_wconf 81' lang='lat' dir='ltr'>ex</span> <span class='ocrx_word' id='word_1_150' title='bbox 740 2758 880 2842; x_wconf 70' lang='lat' dir='ltr'>portenti·</span> 
     </span>
    </p>
   </div>
   <div class='ocr_carea' id='block_1_2' title="bbox 941 301 943 345">
    <p class='ocr_par' dir='ltr' id='par_1_3' title="bbox 941 301 943 345">
     <span class='ocr_line' id='line_1_29' title="bbox 941 301 943 345; baseline 0 0"><span class='ocrx_word' id='word_1_151' title='bbox 941 301 943 345; x_wconf 77' lang='lat' dir='ltr'>i</span> 
     </span>
    </p>
   </div>
   <div class='ocr_carea' id='block_1_3' title="bbox 941 443 944 531">
    <p class='ocr_par' dir='ltr' id='par_1_4' title="bbox 941 430 944 531">
     <span class='ocr_line' id='line_1_30' title="bbox 941 443 944 531; baseline 0 0"><span class='ocrx_word' id='word_1_152' title='bbox 941 443 944 531; x_wconf 69' lang='lat' dir='ltr'>i</span> 
     </span>
    </p>
   </div>
   <div class='ocr_carea' id='block_1_4' title="bbox 0 0 1093 3425">
    <p class='ocr_par' dir='ltr' id='par_1_5' title="bbox 0 0 1093 3425">
     <span class='ocr_line' id='line_1_31' title="bbox 0 0 1093 3425; baseline 0 0"><span class='ocrx_word' id='word_1_153' title='bbox 0 0 1093 3425; x_wconf 95' lang='lat' dir='ltr'> </span> 
     </span>
    </p>
   </div>
  </div>
 </body>
</html>
