2167 3425
306 426 440 492 nrr'ru
461 424 707 495 securioris}
771 419 817 507 r?

148 536 151 540 ⁸
209 525 820 631 apopulocondemnatuselltjuniusnecem'

137 640 143 645 ’
211 638 261 700 fibi
272 634 328 717 ipse
335 634 477 697 conscivit.
491 646 524 697 C.
533 638 698 699 Flaminium
706 630 823 700 Coelius'

214 724 349 800 religione
363 724 485 800 negleela
493 722 614 783 cecidill'e
624 725 698 805 apud
705 716 823 785 'rurali-¹

119 869 121 875 ,
215 830 329 869 menum
348 808 439 869 scribit
459 832 521 869 cum
537 832 641 887 magno
657 811 820 891 reipublicae

215 897 342 957 vulnere.
367 916 486 975 quorum
498 898 585 955 exitio
597 896 714 974 intelligi
721 886 826 979 potest‚¹

129 1035 134 1049 ,
215 1002 312 1042 eorum
328 984 449 1061 imperiis
466 982 657 1062 rempublicam
674 981 825 1063 amplificu-²

216 1082 284 1144 ram,
305 1070 354 1148 qui
371 1068 553 1145 religionibus
568 1068 725 1146 paruissent.
749 1085 787 1147 et,
799 1066 825 1130 fi·

217 1156 344 1215 conferre
354 1154 484 1213 volumus
501 1152 592 1213 nostra
608 1176 670 1215 cum
686 1154 826 1232 externis,'

173 1258 177 1267 ’
216 1242 479 1301 caeterisrebusaut
487 1260 576 1319 pares,
585 1244 721 1300 autetiam
729 1231 827 1299 inferi:

218 1346 280 1386 ores
290 1328 474 1407 reperiemur:
488 1324 633 1403 religione,
648 1324 733 1400 idest,
748 1326 826 1388 cultu

218 1414 345 1488 deorum,
357 1412 447 1470 multo
456 1408 617 1493 superiores.
642 1434 677 1471 an
687 1414 758 1473 Attii
767 1418 824 1473 Na.

118 1522 129 1545 ²-
219 1502 258 1558 vii
270 1498 354 1559 lituus
363 1498 420 1573 ille,
436 1518 493 1581 quo
506 1498 540 1557 ad
552 1496 769 1578 investigandum
778 1490 827 1561 su·⁴

220 1604 262 1643 em
271 1590 398 1664 regiones
406 1585 503 1643 vineae
512 1586 686 1668 terminavit,⁴
696 1584 828 1647 contem·'

220 1670 329 1733 nendus
343 1669 393 1732 est?
407 1670 558 1747 crederem,
575 1670 624 1731 nili
632 1663 694 1752 ejus
706 1664 827 1752 augurio'

220 1779 271 1819 rex
278 1757 414 1820 Hostilius
426 1759 547 1816 maxima
557 1757 628 1843 bella
635 1757 754 1836 gesfisset.
778 1749 829 1820 sed*

222 1845 391 1924 negligentia
400 1843 565 1922 nobilitatis,
572 1848 676 1924 augurii
683 1836 830 1926 discipline

221 1932 330 2007 nmilia,
353 1932 456 1991 veritas
476 1929 656 2012 auspiciorum
673 1929 762 2012 spreta
777 1929 828 2007 est,

222 2015 564 2100 speciestantumretenta.
588 2017 828 2096 itaquemaximue

224 2103 387 2182 reipublicae
401 2120 504 2184 partes,
523 2105 553 2163 in
566 2105 610 2162 his
625 2102 706 2177 bella,
725 2103 829 2183 quibus

135 2255 140 2264 ¹
225 2187 641 2268 reipublicaesaluscontinetur,
650 2189 732 2248 nullis
740 2188 832 2272 auspi-⁴

137 2276 141 2286 '
227 2275 279 2336 ciis
288 2273 520 2348 administrantem
535 2275 612 2335 nulla
623 2277 761 2356 peremnia
773 2275 833 2336 ser-⁷

136 2362 139 2375 ¹
226 2375 341 2438 vantur,
353 2361 429 2421 nulla
440 2383 476 2420 ex
492 2363 678 2432 acuminibus;
693 2362 762 2428 nulli
772 2357 832 2422 virl

225 2465 374 2522 vocantur,
386 2469 421 2507 ex
434 2445 527 2527 quoin
536 2450 678 2528 procineiu
686 2447 830 2509 testamen&

226 2538 413 2618 reperierunt.
437 2551 496 2594 rum
512 2535 586 2592 enim
597 2531 668 2592 bella
676 2537 834 2609 gererenol

225 2619 269 2682 llri
278 2623 361 2682 duces
374 2621 522 2700 incipiunt,
535 2639 598 2679 cum
609 2617 725 2694 auspicia
732 2614 836 2692 posue-²

225 2725 302 2770 runt.
328 2724 356 2766 at
366 2726 434 2766 vero
443 2706 514 2785 apud
525 2704 647 2778 majores
656 2711 734 2755 tanta
741 2697 838 2772 religi-²

226 2798 291 2857 onis
299 2796 344 2858 vis
352 2792 418 2870 fuit,
429 2807 461 2851 ut
469 2787 583 2870 qnidam
593 2787 770 2863 imperatores
781 2776 839 2839 eti-⁸
