2167 3425
325 401 456 457 LIBER
476 399 718 457 SECUNDUS.
767 395 824 458 181

226 497 747 580 eratadvesoendumhominibusrpta‚
757 500 830 561 nihil

227 586 325 664 genuit
331 585 609 647 naturafoecundiur.
625 588 693 666 quid
703 588 830 646 multitu·

227 671 334 746 dinem,
356 669 569 752 suavitatemmre
586 672 700 754 piscium
718 673 830 733 dicam?

227 758 294 838 quid
307 759 413 818 avium?
429 779 466 817 cx
479 761 581 837 quibus
593 774 669 818 ronta
679 761 831 837 percipitur

132 883 140 903 .
227 843 367 926 voluptas,
388 861 419 904 ut
434 845 575 912 interdum
591 851 720 905 Pronoea
737 843 831 905 nostra

132 925 133 932 ἵ
226 932 362 1010 Epicurea
376 930 452 990 luisse
465 931 604 992 videatur.
627 947 710 1011 arque
724 934 776 990 hae
793 951 831 993 ne

226 1033 390 1098 caperentur
407 1017 530 1096 quidem,
559 1006 609 1078 nili
626 1020 771 1078 hominum
785 1039 831 1079 ra·

132 1163 133 1166 ,
227 1106 317 1179 tione,
340 1119 424 1182 atque
441 1101 560 1164 solertia.
591 1124 749 1185 quanquam
763 1125 830 1166 aver

226 1189 369 1271 quasdam,
380 1205 409 1249 et
420 1189 512 1266 alites,
530 1206 559 1250 er
572 1189 690 1267 oscines,
701 1207 733 1250 ut
743 1189 831 1251 nostri
917 1190 921 1202 '

130 1293 132 1308 “
227 1297 344 1354 augures
352 1275 502 1356 appellunt,
514 1277 832 1356 remmaugumndmm

228 1359 365 1422 causaelse
375 1377 453 1422 natas
464 1379 605 1442 putamus.
625 1365 684 1441 jam
696 1383 766 1422 vero
777 1365 832 1422 im-

133 1498 136 1509 .
227 1469 324 1509 maneo
339 1463 368 1509 et
382 1448 454 1508 seras
468 1449 573 1508 belluas
584 1446 767 1509 nanciscimur
781 1468 831 1510 ve-

227 1535 335 1611 nando,
353 1550 386 1594 ut
404 1549 432 1594 et
443 1533 583 1595 vescamur
596 1538 643 1610 iis,
660 1551 690 1594 ct
702 1557 831 1596 mercea-

227 1620 833 1684 murinvenandoadlimilimdinembellicre

228 1707 398 1789 disciplinae,
420 1724 449 1768 et
462 1724 572 1768 utamur
590 1707 703 1769 domitis
717 1726 746 1770 et
760 1731 832 1771 con·

173 1844 176 1851 .
228 1794 390 1871 decemuir,
403 1810 435 1853 ut
449 1795 619 1875 elephantisr
638 1796 781 1876 multaque
794 1816 833 1857 cx

228 1902 323 1941 earum
342 1884 503 1961 corporibus
522 1883 655 1957 remedio,
678 1884 785 1941 morbis
802 1898 834 1943 ct

130 1995 138 2014 ›
228 1965 834 2046 vulneribuseliganus,fieutexquibusdm

227 2052 354 2135 stirpibus
363 2070 391 2114 et
399 2046 619 2135 herbis,quarum
626 2053 761 2113 utilitates
768 2052 834 2113 lon·

229 2140 833 2223 ginquitemporirusuetpe'riclitutioneper·

230 2228 356 2308 cipimus.
380 2244 466 2288 totam
478 2227 542 2288 licet
553 2230 653 2287 animis
661 2243 835 2308 tanquamo·

128 2378 132 2395 ,
229 2314 299 2375 culis
314 2314 424 2375 lustrare
438 2330 552 2389 terram,
569 2316 709 2393 mariaque
723 2316 833 2377 omnia?

229 2398 837 2481 cemesjamspatiasrugiferaatqueimmenso

128 2530 130 2543 .
231 2508 402 2567 camporum,
410 2484 745 2565 vestitusqoedcnfiffimos
752 2506 837 2545 mon·

128 2584 130 2597 ’
231 2575 313 2646 tium,
331 2572 467 2652 pecudum
482 2570 583 2652 pallus,
602 2586 663 2629 rum
680 2570 837 2631 incredibili

230 2657 326 2719 cursus
346 2659 501 2717 maritimos
520 2658 669 2717 celeritate.
698 2675 751 2714 nce
768 2676 838 2715 vero

232 2740 838 2827 taurumsupraterram,sedetiaminintimis
