2167 3425
241 355 300 432 178
345 357 402 435 DE
419 355 728 416 Nummorum
772 425 775 431 ¹

237 452 391 536 putandum
402 453 438 514 est
453 454 581 514 conditas
595 453 662 516 cist:
682 459 851 536 omniaque,

240 560 309 622 quae
317 539 370 602 fint
382 542 413 598 in
421 543 464 600 his
477 543 601 617 urbibm,
612 563 708 604 eorum
723 545 851 624 populo·

240 647 303 690 rum
311 631 381 688 reite
389 626 440 686 effe
454 626 599 688 dicuntur:
612 627 648 688 fic
659 651 853 709 quaecumque

242 711 343 782 suntin
351 715 430 774 omni
436 715 556 792 mundo,
569 714 686 776 deorum
700 732 784 796 atque
795 722 852 776 ho·

241 803 348 866 minum
356 800 478 882 putanda
485 799 560 862 sunt.
570 802 630 880 jam
637 823 706 862 vero
715 805 851 862 circuitus

242 888 308 950 solis
323 903 350 947 et
365 887 456 962 luna‘e,
479 888 704 968 reliquorumque
719 888 850 964 fiderum,

237 987 401 1055 'quanquam
410 975 533 1034 etiamad
541 976 850 1036 mundicohaerautiam

243 1062 496 1141 pertinent‚·tamen
504 1078 532 1121 et
539 1060 717 1142 spectaculum
725 1064 856 1134 homini,

244 1150 296 1208 bus
303 1150 449 1228 praebent:
462 1148 661 1209 nullaesteuim
668 1147 850 1208 insatiabilior

245 1233 359 1315 species,
371 1234 446 1295 nulla
460 1234 613 1315 pulchrior,
624 1251 652 1294 et
663 1235 698 1294 ad
710 1237 855 1296 rationem·

244 1319 438 1402 solertiamque
452 1319 757 1401 praestantioraeomm
773 1323 850 1384 euim

245 1407 338 1468 cursus
353 1409 486 1484 dimetati,
497 1410 669 1468 maturitates
680 1426 850 1490 temporum,

244 1509 276 1554 et·
290 1495 452 1570 varietates,
474 1494 693 1575 mutationesque
711 1497 849 1574 cognoui-

242 1601 318 1642 mus.
341 1580 439 1660 quaest
449 1583 609 1642 hominibus
621 1581 684 1642 solis
697 1599 766 1643 nota
774 1580 851 1660 sunt,

243 1669 389 1729 hominum
397 1665 848 1747 fartaeffecausajudicandasunt.

244 1770 317 1815 terra
323 1776 390 1815 vero
402 1754 477 1815 foeta
488 1754 627 1834 frugibus,
638 1773 666 1817 et
679 1760 758 1819 vario
771 1758 850 1837 legu-

244 1842 351 1905 minum
358 1863 469 1921 geuere,
481 1863 626 1921 quaecum
639 1844 851 1924 maximalargi·

241 1944 301 1989 ‘tate
315 1928 420 2005 fundit,
434 1950 466 1989 ea
476 1928 643 2006 ferarumne,
658 1933 850 1993 auhuminum

246 2014 452 2095 causa-gignere
468 2015 596 2076 videtur?
609 2017 678 2095 quid
691 2018 727 2078 de
733 2020 850 2095 vitibus,

246 2101 408 2181 olivetisque
415 2100 517 2162 dicam?
531 2123 648 2181 quarum
655 2105 787 2166 uberrimi
795 2105 852 2167 lae·

247 2187 390 2267 tiffimique
397 2185 500 2247 fruitur
508 2188 703 2249 nihilomnino
711 2191 746 2251 ad
753 2190 852 2255 bestiae

247 2276 397 2357 pertinent.
406 2294 495 2354 neque
502 2277 578 2337 enim
585 2274 851 2356 serendimequeco·

246 2362 332 2437 lendi,
343 2382 396 2422 nec
409 2360 567 2442 tempestive
579 2361 745 2440 demetendi,
762 2364 850 2446 perci·

143 2486 147 2493 ·
246 2448 850 2531 piendiquefruiius,nequecondendiacre·

247 2536 371 2617 ponendi
379 2535 572 2617 uilapecudum
580 2536 852 2599 scientiaestaearum·

248 2624 851 2702 queomniumrerum‚hominumeiietusur,

247 2724 359 2772 etcura.
415 2710 882 2795 Utfidesigiturettibiaseorum⁶³
