2167 3425
289 419 351 480 190
399 399 788 458 nutrimorottutu

274 499 432 577 majorum,
444 519 494 559 cur
509 500 548 558 'rta
557 495 600 572 fit,
614 495 685 556 nihii
696 510 727 554 tu
738 516 784 556 tue
794 495 897 559 doce.

948 452 950 489 i

277 584 409 667 quidest,
420 588 514 666 inquit
522 584 635 657 Balbus,
645 581 666 642 st
677 583 727 643 tibi
733 581 898 662 persuasum
948 602 949 605 ’

277 668 897 749 :est,curamevelisdiscere?tumCotta,

279 759 395 842 ¹quiufic
403 758 558 838 aggredior,
566 759 670 838 inquit,
677 756 712 816 ad
719 759 792 816 hanc
799 756 895 838 dispu-

283 850 433 922 vodonem,
445 845 519 927 quafl
531 845 605 906 nihii
618 865 741 924 uuquam
756 844 894 905 audierim

278 933 319 994 de
326 934 379 992 diis
391 933 605 1007 immortalibus,
616 932 686 990 nihii
697 933 893 1010 cogitaverim,

280 1018 380 1080 rudem
395 1043 439 1080 me
455 1019 617 1100 discipulum
627 1035 656 1079 et
666 1023 807 1096 integrum
817 1021 892 1079 acci-

280 1127 329 1188 pe,
343 1123 371 1167 et
379 1129 421 1182 ea,
433 1128 503 1188 quae
511 1110 634 1187 requiro,
646 1107 725 1168 doce.
741 1105 786 1166 dic
793 1109 892 1184 igitur,

277 1196 388 1274 inquit,
400 1195 467 1275 quid
482 1197 618 1274 requiras.
639 1193 748 1273 egone?
769 1196 891 1273 primum

279 1281 366 1357 illud,
378 1304 438 1358 cur,
451 1283 526 1362 quod
535 1303 656 1359 neegere
662 1280 775 1360 quidem
782 1283 890 1341 oratio·
948 1352 949 1359 ἵ

156 1438 161 1450 Ι
280 1390 321 1430 ue
329 1367 451 1443 diuitias,
459 1367 798 1448 quodeisetperspicuum,
809 1370 888 1428 etio·

242 1484 249 1494 =
275 1470 327 1513 -ter
334 1475 431 1514 omues
440 1454 588 1529 constaret,
599 1453 889 1535 deeoipsutammui·

276 1555 313 1599 ta
321 1539 435 1601 dixeris.
459 1544 525 1622 quia
536 1559 564 1602 re
574 1560 697 1622 quoque,
708 1544 813 1622 inquit,
826 1543 888 1602 ani·

277 1626 431 1704 madverti,
443 1634 540 1703 Corra,
551 1627 641 1709 saepe,
651 1650 715 1689 cum
726 1630 756 1689 in
771 1629 835 1690 foro
844 1629 887 1690 di·

277 1734 371 1791 uetes,
382 1736 466 1796 quam
482 1717 609 1797 piurimis
622 1716 703 1796 poffis
717 1720 886 1796 argumentis

275 1804 532 1883 onerarejudicem,
542 1802 656 1863 fimodo
663 1823 722 1863 oum
729 1803 886 1865 facultatem

278 1890 333 1949 uti
340 1888 513 1951 daretcausu.
529 1890 885 1970 atquehocidemetphilo·

280 1974 362 2056 ‘sophi
377 1979 493 2051 faciunt,
505 1992 533 2036 et
547 1998 611 2055 ego,
623 1993 655 2036 ut
665 1980 756 2057 potui,
768 1978 829 2037 foti.
852 1992 885 2037 tu

284 2062 884 2143 autem‚quiidquaeris,fitniliterfacis‚acii

277 2169 425 2228 moroges,
437 2170 487 2210 cur
495 2166 521 2211 te
528 2151 637 2209 duobus
644 2151 883 2225 contrarotulo,

274 2250 310 2295 st
318 2255 379 2295 non
387 2236 474 2295 altero
490 2252 610 2310 tanturn,
620 2256 684 2294 cum
696 2236 882 2297 idemunoas·

172 2358 185 2375 ·
278 2320 469 2403 sequipoffim.
483 2320 907 2402 TumCotta,quamfimiieis·t

283 2410 331 2471 tud
344 2409 387 2486 fit,
398 2412 502 2491 inquit,
513 2425 544 2469 tu
555 2409 670 2470 videris.
694 2429 759 2468 nam
773 2428 825 2487 ego
833 2428 881 2467 ne·

282 2518 337 2577 que
346 2499 376 2557 in
385 2498 482 2572 caufir,
497 2496 515 2555 fi
528 2495 774 2576 quidestevidens',
784 2496 881 2576 dequo
948 2518 950 2523 ·

277 2587 355 2644 iuter
363 2606 460 2645 omnes
472 2587 632 2660 conveniat,
643 2586 829 2665 argumentati
839 2582 880 2644 so·

280 2672 344 2731 leot
362 2672 538 2755 perspicuitas
553 2674 629 2732 enim
646 2674 879 2753 argumentatione

276 2756 419 2821 elevatur:
436 2781 498 2838 nec,
513 2758 573 2859 s¹⁵S¹
584 2758 879 2824 faceremiucaufitfo·
