2167 3425
349 392 493 447 LIBER
514 388 700 449 PRIMUS.
793 404 833 464 33

229 484 442 566 vituperandum
452 486 547 565 putes?
560 508 596 545 an
608 488 733 567 corporis
741 490 834 568 pravi·

232 589 316 647 tates,
326 570 435 634 fierunt
445 571 624 651 perinfignes,
636 574 833 633 habebuntali-

232 658 300 738 quid
310 656 487 719 offenfionia:
500 662 584 719 animi
596 659 757 721 deformitas
773 682 834 719 non

231 745 630 825 habebiticujuaturpitudoex
638 744 700 825 ipiis
708 748 784 805 vitiis
792 745 840 805 ia».

231 830 547 912 ciliimepercipipotest.
571 832 840 911 quidenimfoediua

230 913 357 993 aiaritia,
375 918 443 996 quid
458 920 607 977 immanius
625 918 748 992 libidine,
765 918 859 997 quid„

229 1006 417 1083 contemptius
435 1003 597 1077 timiditate,
621 1005 688 1083 quid
704 1006 838 1084 abjediiue

228 1090 359 1151 tarditate
370 1104 399 1147 et
410 1088 524 1147 stultitia
533 1090 589 1149 dici
599 1090 699 1169 potest?
713 1091 779 1170 qjuid
789 1112 837 1151 en*

228 1178 281 1255 go?
293 1197 356 1251 eoa,
365 1177 413 1254 qtti
420 1174 532 1252 singulis
539 1178 616 1235 vitiis
625 1177 774 1251 excellunt,
785 1192 833 1235 aut
852 1204 854 1209 ·

228 1265 311 1323 aiam
319 1263 458 1339 pluribus,
470 1278 586 1341 propter
601 1262 712 1336 damna,
725 1278 772 1320 aut
784 1262 833 1321 de·

230 1350 374 1421 trimenta,
385 1349 574 1409 autcrueiatua
586 1348 706 1426 aliquos,
718 1346 839 1407 miseros.
857 1414 859 1419 ,

204 1436 208 1444 ’
229 1430 281 1493 eise
296 1434 423 1509 dicimus,
434 1450 473 1493 an'
485 1451 600 1513 propter
611 1437 668 1495 vim
684 1434 834 1513 turpitudi-

228 1540 347 1599 nemque
354 1522 501 1579 vitiorum?
515 1522 591 1600 quod
599 1524 665 1579 item
677 1521 710 1579 ad
719 1536 833 1581 contra·
873 1561 878 1569 -

227 1606 838 1687 riamlaudeminvirtutedicipotestmoiire*

227 1716 288 1768 mo,
298 1693 438 1774 fipropter
448 1691 514 1754 alias
528 1713 571 1752 res
584 1694 833 1774 virtusexpetitur,

228 1779 325 1840 meiius
340 1778 518 1858 effe-aliquid,
529 1801 612 1858 quam
628 1782 770 1854 virtutem,
782 1802 837 1839 neo

228 1863 350 1924 eeffeest.
358 1868 539 1943 pecuniamne
546 1868 641 1943 igitur?
652 1888 688 1924 an
695 1867 831 1926 honores?

228 1971 265 2010 an
280 1950 418 2010 formam?
436 1972 472 2010 an
486 1951 690 2012 valetudinem?
708 1969 777 2030 quae
793 1967 834 2025 et,

228 2059 292 2101 eum
300 2036 410 2111 adsunt,
417 2059 551 2116 perparva
558 2037 637 2108 sunt;
647 2053 687 2110 et,
694 2057 778 2116 quant
785 2038 833 2096 diu

229 2121 595 2196 affuturaiint,certumsciri
604 2123 775 2184 nullomodo
785 2143 834 2203 po·

229 2210 288 2270 test.
304 2233 341 2270 an
349 2208 440 2289 (quod
447 2211 628 2289 iurpiffimum
636 2209 709 2268 dia‘iu
720 2209 772 2284 est)
780 2231 840 2271 vo·-
934 2240 935 2244 1

219 2297 376 2378 ,luptatemi
389 2313 418 2355 at
432 2298 462 2354 in
474 2317 506 2354 ea
518 2296 630 2373 quidem
642 2294 793 2374 spernenda
805 2310 835 2362 et

228 2382 407 2462 repudianda,
416 2384 508 2442 virtue
520 2381 565 2440 vel
573 2384 692 2440 maxime
700 2383 833 2440 cernitur.

228 2467 373 2538 videtisne,
385 2484 491 2547 quanta
501 2466 580 2526 seties
589 2487 679 2526 rerum
687 2466 834 2527 sententia·

231 2573 347 2631 mmque
354 2553 402 2613 stt:
415 2572 499 2634 atque
509 2570 541 2614 ut
549 2575 585 2614 ex
596 2553 651 2612 alio
660 2553 712 2616 alia
720 2557 834 2610 nedian·
924 2578 928 2587 ·

230 2639 292 2696 tna?
305 2641 374 2716 quin
386 2641 498 2700 lababat
508 2641 638 2718 longius,
650 2637 700 2698 nifi
712 2659 755 2698 me
767 2640 835 2696 teti·

188 2722 359 2787 mutirem.
434 2735 614 2801 Quintus.
639 2723 835 2807 quotandemi
