2167 3425
259 440 303 501 32
409 424 474 482 Du
495 426 719 485 LEGIBUS
945 298 948 461 ι

257 522 343 603 grati?
355 524 403 585 ubi
413 521 462 582 illa
472 520 563 583 saneta
574 525 705 601 amicitia,
720 524 810 589 finon
823 533 870 613 ip-

258 610 285 673 st
304 613 408 671 amicus
425 631 474 691 per
493 609 638 673 seunatur
655 628 717 673 toto
732 621 864 695 peuore,

257 712 291 759 ut
305 698 483 782 dieitur351ui
496 700 579 759 etiam
593 698 758 761 deserendus
770 720 798 763 et
816 708 869 765 ab·

254 785 396 865 jiciendus
408 784 456 860 est,
472 783 618 867 desperatis
630 787 828 851 emolumentis
839 808 871 853 ee
948 810 949 823 ¹

257 872 408 933 fiufflbuee
429 891 489 949 quo
507 873 574 951 quid
593 873 682 953 potest
696 874 750 935 dici
766 878 869 939 imma-

253 960 335 1019 nius?
348 957 425 1038 quod
436 958 583 1019 fiamicitia
594 982 643 1041 per
650 960 677 1021 se
684 962 802 1024 colenda
814 965 869 1043 est,

256 1042 372 1106 societas
379 1049 656 1126 quoquehominum,
663 1064 691 1109 et
698 1053 866 1131 aequalitas,

257 1132 405 1211 etjustitia‚
417 1131 672 1217 perseexpetenda.
696 1138 813 1216 quodni
825 1142 867 1201 ita

256 1219 306 1297 est,
318 1218 546 1299 omninojussitia
553 1221 627 1281 nulla
635 1221 681 1282 est.
698 1224 727 1282 id
735 1227 810 1285 enim
818 1227 866 1286 in·

251 1306 424 1388 juffiffimum
430 1303 519 1387 ipsum
529 1306 578 1385 est,
586 1306 705 1385 justitiae
712 1312 868 1375 mercedem

254 1415 397 1475 quaerere.
442 1394 517 1469 Quid
523 1416 592 1455 vero
600 1394 634 1454 de
641 1396 784 1473 modestia,
795 1398 866 1479 quid
878 1407 901 1451 ¹9

254 1480 290 1540 de
308 1482 505 1559 temperantia,
532 1481 652 1561 quidde
671 1486 865 1563 continentia,

255 1565 324 1647 quid
340 1565 374 1625 de
388 1567 565 1643 verecundia,
587 1569 710 1649 pudore,
730 1572 864 1651 pudiciti-

253 1673 324 1734 aque
335 1651 471 1714 dicemus?
488 1654 653 1716 infamiaene
665 1673 741 1718 metu
754 1679 814 1720 non
822 1659 864 1721 es·

254 1738 282 1801 se
297 1739 468 1823 petulantes:
480 1763 516 1801 au
531 1742 623 1820 legum
637 1759 665 1803 et
673 1745 863 1822 judiciorum?

253 1831 420 1890 innoeentes
435 1849 501 1907 ergo
516 1844 544 1887 et
562 1831 710 1892 verecundi
726 1830 804 1909 sunt,
829 1852 863 1895 ut

253 1914 679 1978 beneaudianuetutrumorem
687 1921 861 1984 bonumcol·

252 2003 357 2083 ligant,
379 2001 553 2077 erubescunt,
576 2019 604 2062 et
622 2004 706 2083 pudet
721 2005 863 2086 impudica

253 2089 347 2168 loqui?
360 2111 447 2148 acme
466 2091 596 2149 nimirum
610 2091 723 2150 istorum
738 2091 862 2170 philoso-

252 2179 373 2257 phorum
383 2173 479 2254 pudet,
495 2178 544 2255 qui
555 2175 662 2236 nullum
673 2179 771 2236 vitium
786 2180 861 2239 vita·

251 2283 293 2338 re,
316 2259 367 2320 nifi
380 2262 488 2339 judicio
498 2261 565 2340 ‘ipso
580 2278 722 2338 notatum,
744 2280 852 2344 putant.

252 2347 323 2431 quid
336 2348 426 2408 enim?
440 2345 580 2428 possumus
595 2370 655 2426 eos,
668 2352 716 2430 qui
731 2373 748 2408 a
763 2349 857 2426 stupro

252 2451 381 2496 arcentur
391 2433 521 2493 infamiae
527 2449 615 2509 metu,
627 2438 739 2516 pudicos
750 2435 849 2508 dicere,

156 2575 161 2584 .
251 2542 315 2580 cum
325 2517 382 2599 ipsa
396 2519 509 2578 infamia
522 2536 638 2600 propter
653 2525 692 2582 rei
706 2519 855 2598 turpitudi-

250 2626 317 2666 nem
328 2603 525 2684 eonsequatur?
536 2627 602 2664 nam
614 2609 682 2686 quid
693 2618 741 2666 aut
751 2607 857 2668 laudari

250 2691 316 2762 rite,
323 2706 372 2748 aut
379 2692 528 2770 vituperari
535 2691 655 2771 potest,fi
663 2695 697 2751 ab
705 2695 766 2772 ejus
775 2701 856 2755 nat'u·

256 2791 282 2830 *e
294 2773 444 2850 reoeueris,
459 2776 536 2854 quod
548 2792 596 2838 aut
610 2777 792 2858 laudandum,
811 2799 857 2844 aut

476 2941 496 2989 l
