2167 3425
224 459 229 466 .
267 397 288 460 6
407 395 473 454 DE
496 393 723 453 LEGIBUS

262 491 409 554 ubuiuimiu
417 489 525 568 censeo,
533 485 872 572 quoniumiilascscripte

262 577 338 657 suut,
353 595 386 640 ut
393 599 430 639 ue
441 577 568 658 ieguntur
577 576 704 656 quideme
715 574 773 657 ipse
779 593 872 636 autem

262 666 404 746 aequalem
416 667 511 732 aetatis
522 663 585 727 suae
596 662 759 723 memotimu
772 659 871 743 depos·

264 756 315 829 cit,
327 770 359 814 ut
372 775 405 813 ea
413 752 623 831 compluuntur,
641 752 741 828 quibus
756 749 813 830 ipse
826 750 871 806 in·

265 840 372 899 terfuit.
386 835 872 914 Auncusaegoverohuicpotius

263 923 405 984 assentior.
429 921 494 982 suut
502 926 577 982 euim
587 924 872 982 maximaeminhae

263 1013 396 1070 memoria
404 1025 487 1088 atque
496 1025 585 1068 aetate
591 1008 700 1068 nostre:
713 1024 872 1068 tumentem

263 1097 387 1158 hominis
394 1097 541 1155 amicissimi
549 1097 730 1175 Cn.Pompeii
738 1095 832 1154 laudet
839 1094 872 1154 il·

264 1181 401 1244 lustrabitz
415 1183 663 1241 inmutetetiamin
674 1182 811 1241 iilummet
816 1202 874 1242 me·

265 1270 428 1330 motabilem
436 1266 875 1347 anuumsuumequaeebistomae

264 1357 295 1418 lo
311 1357 470 1436 praedicari,
482 1375 575 1434 quum,
587 1369 620 1412 ut
633 1357 724 1428 aiunt,
736 1354 771 1413 de
785 1362 874 1416 Remo

265 1457 294 1500 et
303 1441 434 1502 Romulo.
443 1449 495 1500 MA
503 1461 521 1499 u
530 1440 737 1518 cus.iutdligo
744 1441 875 1521 equidem

265 1525 420 1587 emeliium
428 1527 549 1586 laborem
553 1526 659 1604 jamdiu
667 1526 808 1606 postulari,
820 1534 875 1588 At·

266 1615 336 1673 ticee
350 1632 433 1692 quem
441 1634 502 1672 non
511 1611 671 1688 recusarem,
682 1611 778 1672 fimihi
786 1613 876 1675 ullum

267 1701 433 1779 mihueretur
448 1720 566 1760 vacuum
580 1715 690 1779 tempus
701 1716 731 1759 et
744 1699 874 1764 liberum.

265 1806 356 1868 neque
363 1790 438 1846 euim
446 1802 579 1867 occupata
585 1806 681 1866 opera,
689 1806 781 1867 neque
787 1790 877 1869 impe.

265 1874 327 1937 dito
342 1876 447 1950 animo,
458 1894 502 1933 ees
517 1888 596 1931 tanta
610 1871 708 1953 suscipi
718 1873 817 1954 potest.
841 1896 876 1935 u·

266 1976 396 2042 urumque
403 1981 474 2041 opus
490 1958 538 2033 est,
551 1974 581 2019 et
590 1980 657 2019 cura
668 1980 778 2034 vacare,
787 1976 876 2023 etue·

265 2051 358 2125 gotio.
373 2044 634 2124 ATT1c1JS.quid?
645 2045 877 2126 adenetera,quee

267 2132 400 2211 sceipfisti,
409 2134 577 2211 pluraquam
586 2129 874 2211 quisquemeuostrie,

267 2218 345 2297 quod
364 2220 415 2277 tibi
434 2218 547 2277 tandem
559 2234 670 2297 tempus
688 2238 806 2279 vamum
819 2221 876 2281 fluit

267 2302 872 2383 eoncessumiMeucussubcisivaqmedam

267 2404 394 2469 tempora
403 2392 561 2464 incurrunt,
569 2409 642 2468 quae
652 2410 704 2467 ego
714 2407 869 2466 peni-enen

267 2478 375 2554 patiore
387 2474 446 2535 utsi
456 2478 504 2554 qui
512 2476 571 2534 dies
579 2474 614 2534 ad
622 2471 873 2535 miiieundumdati

266 2558 331 2635 sut,
343 2561 379 2621 ad
388 2580 485 2621 eorum
501 2580 648 2621 numerum
661 2559 876 2623 accommoden-

265 2656 323 2716 tur,
332 2666 402 2723 quae
409 2645 562 2705 scribimus.
574 2644 763 2707 historievero
770 2668 824 2709 uec
829 2651 877 2709 in·

257 2722 339 2787 ,stim
345 2730 445 2813 potest,
457 2728 508 2793 uisi
516 2736 772 2813 pnepmtootioj
786 2756 877 2801 nece·
