2167 3425
363 389 683 452 nrnnnrnrnns.
780 407 820 471 75

219 497 281 560 vim
298 493 422 557 deornm.
446 493 497 556 nili
512 493 585 554 forre
599 497 762 575 Diagoram,
775 511 825 561 nrt

221 583 417 658 Theodorum,
429 585 479 664 qni
494 582 695 642 omninodeos
709 581 761 643 elle
772 607 823 646 nm

188 747 190 750 Ι
212 673 337 752 ιφωτί
347 665 647 749 censerl'uperllitiosos
659 665 712 728 elle
719 670 823 748 potuis·

223 755 258 818 se.
273 779 324 836 ego
332 777 369 817 ne
377 764 559 834 Protagoram
566 754 825 834 quidemnminen·

223 861 292 904 rrum
300 845 426 924 liquerit,
438 838 686 916 necell'edeosnrec
694 862 753 902 non
761 841 831 910 elles

221 933 317 992 horum
323 926 558 991 enimsententiae
564 930 690 988 omnium
696 950 822 992 nonmo·

220 1018 258 1078 do
271 1015 491 1097 firperllitionem
505 1013 620 1088 tollunt,
635 1015 665 1074 in
680 1036 737 1097 qua
752 1017 824 1082 inest

219 1106 301 1164 timor
309 1104 404 1162 inanis
415 1099 550 1160 vdeorumn
561 1098 606 1161 sed
617 1103 699 1161 etiam
710 1103 822 1183 religio·

219 1211 292 1264 nero,
304 1187 502 1268 quaedeornm
511 1186 586 1246 cultu
594 1189 821 1268 promotionum

218 1277 300 1358 quid?
313 1278 344 1349 ii,
357 1276 408 1356 qui
419 1274 561 1348 dixerunt,
572 1274 823 1338 totamdediisim·

218 1361 382 1434 mortalibus
395 1360 558 1440 opinionem
569 1357 761 1421 fielnmellenb
770 1364 824 1423 ho·

218 1452 339 1510 minibus
346 1447 513 1528 sapientibus
521 1445 684 1527 reipublicae
690 1446 822 1529 causant,

219 1555 291 1614 quos
299 1536 373 1594 ratio
381 1529 594 1613 nonpoll'et‚eos
602 1533 637 1593 ad
645 1534 764 1597 officium
776 1559 821 1598 re·

181 1631 185 1638 '
217 1620 287 1700 ligio
295 1622 417 1694 duceret,
430 1640 527 1678 nonne
535 1641 647 1679 omnem
660 1622 822 1700 religionem

220 1707 344 1770 funditus
352 1705 526 1767 sustulerunt?
540 1705 746 1787 quidPr0dicus
755 1714 822 1773 chi·

220 1796 274 1855 ns?
294 1796 342 1874 qui
357 1815 400 1869 en,
420 1814 491 1873 quae
505 1790 660 1873 prodellent
674 1800 823 1859 bominum

218 1883 306 1955 virae,
320 1881 433 1941 deornm
444 1882 475 1939 in
487 1900 603 1941 numero
614 1884 707 1941 habita
717 1882 769 1942 elle
779 1885 823 1944 di·

218 1970 274 2042 xit,
290 1988 371 2048 quam
386 1964 498 2027 tandem
513 1967 675 2046 religionem
690 1970 823 2049 reliquit?

153 2110 155 2113 .
218 2055 301 2135 quid?
314 2056 363 2133 qui
371 2070 419 2113 aur
430 2052 527 2129 fortes,
538 2054 695 2131 antelatos,
714 2072 762 2115 aut
769 2078 823 2137 po·

217 2140 823 2221 tentesvirostraduntpostrnortemaddeos

218 2224 335 2300 venile,
349 2221 447 2307 eosque
461 2224 514 2287 elle
526 2226 610 2308 ipsos,
625 2249 698 2308 quos
710 2252 763 2291 nos
771 2254 824 2294 co·

217 2307 287 2388 lere,
298 2312 822 2393 precari‚venerarim1esoleamus,non·

218 2420 257 2460 ne
274 2416 401 2481 expertes
420 2398 483 2459 sunt
498 2400 661 2478 religionum
680 2406 823 2465 omnium?

218 2504 292 2565 qnae
303 2488 506 2546 ratio-maxime
517 2492 631 2546 uallata
642 2489 676 2545 ab
688 2492 823 2551 Euheme-

219 2594 255 2634 ro
267 2572 322 2632 est:
338 2592 422 2651 quem
437 2571 528 2632 noller
541 2589 570 2632 et
583 2576 780 2649 interpretatus
794 2588 825 2642 er

219 2659 329 2721 secutus
337 2657 385 2734 est,
397 2674 504 2740 pmeter
511 2659 647 2728 caeteros,
660 2656 779 2713 Ennius.
792 2658 827 2714 ab

220 2749 380 2809 Euhemero
387 2761 481 2806 nutem
489 2758 518 2801 et
528 2734 829 2814 mortesetsepultnrae

494 2834 524 2887 D
551 2844 568 2885 2
