2167 3425
236 424 282 512 si
345 419 735 497 osuinnsonu‘ni

239 556 300 595 earn
311 556 432 615 pugnam
444 535 516 595 ludis
529 535 684 617 Olympiae,
694 532 843 599 memorias

240 622 381 702 proditum
401 620 447 681 esl.
484 619 560 701 saepe
579 628 738 683 Faunorum
758 626 841 684 voces

233 708 395 783 exauditae,
417 706 493 787 saepe
503 707 577 767 visae
592 708 697 768 formae
716 708 841 786 deorum}

240 798 377 875 quemvis,
390 814 449 853 non
464 810 511 851 aut
526 796 649 854 hebetem
663 796 842 876 autimpinm,

239 883 308 941 deos'
320 879 471 961 praesentes
480 878 530 940 else
541 880 667 940 confiteri
678 881 841 957 cob'gemnti

239 968 442 1026 Praedisbiones
458 986 526 1026 vero
541 982 569 1025 et
580 965 781 1048 praesensiones
797 971 843 1025 rel
855 973 866 1015 3

239 1074 300 1112 rum
309 1052 461 1111 futurarum
469 1053 536 1131 quid
545 1053 618 1113 aliud
626 1053 778 1128 declarant,
790 1052 842 1113 nifi

239 1140 400 1197 hominstrus
417 1136 464 1214 ea,
471 1160 540 1217 quae
551 1138 615 1214 lint,
627 1138 743 1215 ostendi,
759 1137 842 1199 mon-³

240 1224 474 1305 slrari,portendi,
482 1225 620 1307 praedici?
632 1247 667 1285 ex
675 1247 732 1307 quo
744 1226 791 1286 isla
799 1224 901 1285 os·‘

240 1328 328 1391 tenta,
348 1312 478 1387 monstra,
498 1327 639 1395 portenta,
658 1313 842 1402 prodigia
800 1314 843 1372 di·

240 1415 352 1459 cuntur.
369 1398 578 1478 quodsreasisla
589 1384 844 1459 credimuslicentia

240 1486 403 1558 fabularum,
417 1483 557 1565 Mopsum,
569 1484 713 1559 Tiresiam,
726 1486 845 1563 Amphi:

240 1570 545 1647 arsum,Calchantem,
553 1569 707 1629 Helenum
698 1614 708 1642 ,
699 1590 792 1648 quos
801 1581 845 1629 ta·
957 1582 963 1592 “

239 1661 304 1719 men
313 1676 428 1734 augures
438 1674 473 1715 ne
481 1654 553 1738 ipsae
560 1655 670 1734 quidem
678 1655 785 1715 fabulae
793 1654 848 1714 ad!

239 1743 387 1819 scivissent,
397 1741 415 1803 si
424 1765 467 1802 res
476 1745 595 1802 omnino
604 1742 794 1824 repudiarent:
805 1739 845 1803 ne'

239 1830 392 1891 domesticis
401 1829 511 1910 quidem
519 1830 731 1911 exemplisdosii
739 1825 846 1904 numen'

240 1919 354 1978 deorum
370 1917 630 1999 comprobabimus?
654 1917 724 1977 nihil
740 1939 793 1976 nos
809 1925 845 1979 Ρ.
950 1963 956 1984 ,

241 2006 359 2081 Claudii,
372 2005 447 2065 'bello
458 2005 566 2065 Punico
581 2005 683 2085 primo,
704 2001 848 2063 temeritas
956 2064 968 2089 Α

239 2094 373 2168 movebit,
389 2094 437 2172 qui
449 2091 530 2150 etiam
542 2091 696 2172 perjocum
704 2089 771 2150 deos
779 2089 853 2149 irri··

238 2179 319 2253 dens,
332 2197 395 2238 eum
403 2177 675 2258 cavcaliberatipulli
683 2197 742 2235 non
751 2175 844 2257 pasces

240 2277 345 2339 rentur,
360 2265 447 2341 mergi
462 2264 555 2322 cosin
570 2283 670 2342 aquam
683 2262 801 2340 ῙιιιΕιςι
811 2265 852 2322 ut*

161 2387 165 2396 ·
240 2351 397 2425 ‘biberent,
417 2352 550 2430 quoniam
566 2348 617 2408 esse
632 2349 772 2408 nollent.'
786 2344 850 2427 qni'

238 2434 842 2514 risus,classsdevi6ia,multasipsilacrymas,

237 2541 366 2605 magnam
374 2525 480 2606 populo
489 2529 618 2583 Romano
626 2521 729 2581 cladem
737 2514 851 2581 anulin'

239 2614 320 2692 quid?
338 2613 441 2691 collega
452 2613 511 2690 ejus
528 2611 639 2688 Junins,
651 2608 746 2669 eodem
757 2607 843 2683 bello,

239 2721 336 2761 nonne
344 2699 497 2782 tempeslate
504 2696 609 2757 classem
618 2695 715 2773 amisit,
725 2717 786 2756 cum
795 2717 842 2754 ιιιι-

239 2785 329 2871 spiciis
339 2809 395 2851 non
409 2785 548 2869 paruisset?
565 2787 658 2867 itaque
669 2791 701 2849 P.
711 2782 844 2847 claudius
