2167 3425
785 303 796 305 ..
801 301 957 311 .-.,-,,-,-,-Ἶ

347 412 485 472 'mm
505 416 717 476 τεκτῐυε.
776 433 837 496 193

230 505 287 569 mel
302 509 415 569 cremati
423 507 525 584 ·effent,
543 513 676 589 equitare,
695 514 765 572 etin
779 516 838 575 acie

230 615 356 676 pugnare
364 594 492 674 potuiffe?
509 612 557 654 aut
568 596 837 678 fihocfieripotuiffe

230 682 313 755 dicis,
326 681 717 762 doceas·oportet,-quomodo
733 705 785 746 nec
796 686 836 749 fa·

230 767 316 828 bellas
328 766 415 828 aniles
424 768 560 846 proferas.
585 785 644 828 tum
652 770 835 845 Lucilius,an

229 856 292 928 tibi,
304 855 409 934 inquit,
421 852 531 914 fabellae
538 855 684 916 videntur?
696 861 836 920 nonneab

227 945 266 1000 A.
277 939 418 1000 Postumio
433 940 524 1000 aedem
537 942 642 1002 Castori
653 960 681 1002 et
689 943 795 1006 Polluci
804 949 837 1008 in

226 1025 292 1088 foro
308 1026 476 1088 dedicatam:
488 1049 585 1088 nonne
600 1028 709 1090 senatus
725 1031 835 1094 consul·

227 1128 289 1174 tum
306 1113 341 1174 de
356 1116 478 1174 vatieno
498 1114 596 1175 vides?
619 1137 685 1176 nam
703 1119 737 1176 de
750 1126 835 1198 Sagra

221 1207 400 1262 craecorum
413 1203 496 1260 etiam
511 1200 550 1262 est
564 1201 676 1279 vulgare
690 1207 835 1285 proverbi-

228 1309 293 1348 um:
308 1289 366 1367 qui,
375 1309 445 1367 quae
453 1288 600 1363 affirmant,
608 1292 726 1348 certiora
732 1287 783 1350 esse
789 1291 834 1352 di-

219 1390 308 1450 ¹cunt,
320 1393 402 1454 quam
410 1373 468 1448 illa,
478 1395 551 1454 quae
561 1374 634 1455 apud
645 1382 766 1453 Sagram.
788 1379 833 1440 his

174 1495 176 1500 ,
219 1463 311 1541 ‚igitur
326 1463 481 1522 audloribus
497 1482 595 1522 nonne
608 1461 690 1523 debes
700 1466 832 1528 moveri?

225 1563 285 1608 tum
298 1553 394 1622 Cotta,
413 1549 583 1622 rumoribus,
607 1551 710 1630 inquit,
724 1573 833 1614 mecum

224 1655 346 1717 pugnas,
359 1633 458 1694 Balbe:
471 1655 524 1713 ego
537 1650 628 1695 autem
639 1657 655 1697 a
666 1655 693 1700 te
707 1642 831 1702 rationes

199 1741 214 1782 ⁶
225 1724 351 1802 requiro.
395 1729 563 1801 Sequuntur,
575 1744 646 1805 quae
654 1727 747 1789 futura
755 1726 828 1791 sunt.

226 1807 348 1887 effugere
355 1809 430 1867 enim
438 1830 521 1869 nemo
529 1810 558 1871 id
565 1811 664 1891 potest,
672 1814 749 1894 quod
756 1814 832 1875 futu·

223 1891 344 1963 mmest.
368 1890 444 1973 saepe
452 1912 588 1957 autem-ne
599 1899 666 1957 utile
674 1901 785 1977 quidem
795 1899 834 1961 est

227 1976 374 2059 scire,quid
381 1978 505 2041 futurum
512 1981 556 2043 fit.
568 1974 697 2044 miserum
704 1982 740 2042 est
747 1987 831 2061 enim,

224 2065 297 2127 nihil
311 2066 506 2147 proficientem
516 2071 598 2146 angi,
620 2072 832 2131 nec-haberent

225 2150 282 2233 spei
297 2152 407 2232 quidem
423 2170 591 2230 extremum,
603 2174 634 2215 et
648 2172 741 2217 tamen
754 2179 831 2219 com·

224 2259 309 2299 mune
320 2236 461 2301 solatium:
475 2240 632 2321 praesertim
649 2264 714 2303 cum
729 2266 781 2306 vos
797 2247 831 2305 ii·

224 2322 353 2386 demfato
362 2326 420 2386 fieri
427 2326 525 2387 dicatis
534 2330 645 2388 omnia:
655 2331 729 2410 quod
739 2348 831 2393 autem

223 2410 457 2495 semperexomni
463 2416 627 2475 aeternitate
633 2438 730 2477 verum
738 2418 831 2493 fuerit,

223 2500 252 2559 id
261 2498 311 2559 effe
318 2499 416 2561 fatum.
441 2500 507 2579 quid
515 2502 697 2578 igiturjuvat,
710 2519 756 2561 aut
764 2503 832 2580 quid

224 2584 304 2645 affert
319 2584 353 2645 ad
370 2586 534 2661 cavendum,
553 2585 620 2647 scire
635 2587 740 2667 aliquid
755 2589 831 2647 futu·

224 2692 297 2745 mm,
305 2672 404 2731 cumid
412 2688 485 2732 certe
493 2670 615 2732 futurum
623 2671 669 2731 fit?
685 2672 757 2733 unde
764 2695 831 2753 por·

224 2778 257 2819 ro
265 2754 313 2819 ista
320 2757 655 2837 divinatio?quisinvenit
662 2756 832 2837 fiffumjeco-

361 2854 379 2892 *
526 2850 539 2902 I
