2167 3425
335 411 467 468 MBER
487 409 704 470 TERTIUS..
751 426 813 492 209

211 515 399 598 quareigitur
417 514 508 594 plures
528 511 706 593 adjungimus
724 512 821 576 densi

210 617 316 686 quantu
323 616 413 660 autem
420 599 559 660 esteomm
569 598 733 660 multitudo?
744 603 814 662 mihi

209 689 321 770 quidem
329 686 391 747 sane
402 687 482 747 multi
493 687 633 746 videntur.
656 684 775 765 fingulm
782 709 818 749 es

208 777 269 835 nim
276 774 362 834 stellas
371 773 586 848 numerandum,
593 769 694 853 eosque
701 775 813 834 authel-

207 861 441 922 luammnomine
455 859 587 942 appellas,
597 874 630 918 ut
640 865 769 942 Capram,
780 877 813 923 ut

207 953 327 1030 Nepam,
336 963 368 1008 ut
374 953 513 1024 Tuumm,
521 963 555 1007 ut
562 941 760 1008 Leonemza'ut
767 969 811 1010 re·

206 1056 270 1096 rum
281 1038 505 1110 inanimatamm,
517 1049 550 1094 ut
558 1040 654 1113 ¹Argo,
665 1050 697 1095 ut
713 1042 811 1114 nram,

205 1137 239 1182 ut
250 1128 404 1182 Coronam.
428 1119 473 1181 sed
486 1137 519 1180 ut
529 1124 597 1181 haec
610 1121 810 1200 concedantur,

206 1208 312 1289 reliqua
328 1212 377 1288 qui
389 1207 502 1268 tandem
514 1227 572 1268 non
584 1207 670 1267 modo
683 1210 812 1287 concedi,

206 1293 252 1356 sed
259 1298 379 1355 omnino
386 1294 503 1372 intelligi
510 1293 810 1374 poffunticumfmges,

206 1388 350 1458 Cererem,
381 1383 495 1458 vinum,
525 1382 656 1440 Libemm
674 1380 811 1459 dicimus,

205 1489 306 1548 genere
314 1489 368 1529 nos
380 1468 492 1548 'quidum
506 1465 640 1527 seimonis
648 1468 752 1528 utimur
758 1467 810 1530 ufi-

206 1570 283 1617 mto:
296 1554 468 1635 sed⁸ecquem
482 1570 538 1614 tam
550 1569 685 1615 amentem
695 1555 809 1638 effepu·
822 1600 832 1616 .

206 1658 261 1719 tus,
273 1645 321 1724 qui
329 1641 409 1719 illud,
418 1639 615 1724 quovescutur,
628 1641 710 1702 deum
716 1638 810 1704 credat

205 1728 272 1792 eise?
289 1752 354 1790 num
362 1750 434 1811 quos
445 1733 479 1791 ab
487 1731 648 1790 hominibus
659 1727 809 1811 perveniffe

206 1816 817 1898 dicisaddens,tureddesrationem‚quem·'

205 1902 357 1964 admodum
365 1903 436 1963 idem
443 1902 501 1963 fieri
509 1904 642 1982 potnerit,
649 1918 698 1961 aut
705 1922 754 1963 cur
760 1903 810 1961 fie-

205 1988 356 2065 ridefierit‚
368 2005 460 2069 et.ego
477 1988 580 2050 discam
587 1989 715 2049 libentem
737 1988 810 2068 quo-

204 2076 292 2138 modo
308 2098 384 2137 nunc
395 2076 506 2157 quidem
514 2075 564 2151 est’,
575 2096 635 2135 non
643 2074 736 2150 videm
750 2096 809 2155 quo

204 2168 287 2243 padio
302 2163 356 2238 ille,
368 2166 413 2223 cui
428 2162 478 2221 ‘in
493 2178 590 2222 monte
602 2162 706 2224 Oetaeo
714 2163 810 2223 illatae

205 2248 811 2331 ‘lampadesfuerint,’utaitA0cius,‘indo-

129 2412 130 2419 ἵ
203 2334 215 2371 ‘
225 2357 301 2397 mum
319 2353 459 2396 aeternam
475 2338 577 2416 putris'
594 2336 695 2395 exilio
710 2336 810 2396 ardore

202 2425 372 2505 pervenerit.
395 2442 479 2502 quem
487 2438 579 2482 tumen
588 2427 818 2482 Homeruscon··

202 2512 293 2571 ueniri
301 2511 374 2590 apud
385 2508 490 2567 inferos
502 2508 570 2567 facit
578 2506 723 2585 abUiyise,
739 2505 809 2566 ficut

202 2590 639 2675 metmoe‚quiexceiierantvitn.
649 2612 808 2671 quanquam

202 2701 286 2763 quem
294 2682 458 2761 potiffimum
465 2679 613 2740 Herculem
623 2676 808 2753 colamus,sci·

203 2765 402 2851 resunevelim.
422 2764 811 2846 pimeuenimtruduntnubie
