2167 3425
221 472 225 480 ,
345 415 476 472 monn
497 413 712 488 gnntrrus,
765 425 825 486 ως

124 519 125 522 ’
223 535 263 596 go
272 513 374 575 animal
382 517 496 573 intereat
508 511 664 573 neeesseest.
672 516 837 575 innumera(

223 603 292 663 titia
299 598 373 676 sunt,
385 621 419 660 ex
430 603 529 680 quibus
538 601 608 659 effici
616 603 731 679 cogique
739 602 839 680 poffit,'

225 687 372 764 nihileise,
388 688 464 766 quod
476 685 580 746 sensum
592 689 701 759 habeat,
716 690 784 765 quin
800 690 837 748 id·

123 765 127 832 i
226 778 355 834 intereat.
379 776 480 832 etenim
495 795 526 832 ea
538 772 606 853 ipsa,
623 793 695 852 quae
708 763 830 834 sentiun-

227 877 283 935 tur,
300 875 331 919 ut
343 859 444 938 frigus5
457 874 490 918 ut
496 859 582 934 calor,
598 858 785 938 utvoloptas,
797 877 840 923 ut·

229 947 321 1022 dolor,
334 961 368 1005 ut
379 963 494 1018 caetera,
506 965 569 1004 cunr
582 945 744 1026 amplificata
754 945 831 1026 tint,-

226 1031 840 1095 interimuntnecultum'animalettfinesen··

124 1151 128 1163 =
228 1121 267 1182 su.
291 1120 399 1180 nullum
415 1121 499 1196 igitur
513 1118 664 1177 animalest
674 1135 828 1184 aeternum.

189 1222 220 1268 14
230 1210 342 1269 Etenim
357 1221 404 1265 aut
418 1205 531 1288 simplex
545 1203 583 1264 est
594 1221 693 1264 natura
703 1207 839 1267 animan-¹

231 1297 280 1370 tis,
289 1309 322 1352 ut
328 1293 372 1353 vel
382 1307 490 1351 terrena
500 1291 542 1365 fit,
557 1291 603 1350 vel
614 1294 707 1368 ignea,
718 1292 763 1350 vel
771 1296 841 1353 ani-'¹

230 1375 832 1458 malis,velh'umida=qnodqoalesst‚ne=in.

123 1481 130 1520 3=
216 1467 318 1548 ¹telligi
333 1466 444 1546 quidem
462 1464 565 1547 potest:
576 1479 633 1523 ·aut
651 1481 782 1525 concreta
795 1486 842 1528 ett'

123 1581 124 1586 ¹
230 1555 356 1636 pluribus
365 1555 482 1629 naturis,
493 1572 610 1631 quarum
619 1549 697 1611 suum
709 1571 841 1634 quaeque

231 1641 324 1703 locum
340 1642 448 1715 habeat,
460 1659 518 1719 quo
530 1653 644 1721 naturae
653 1641 683 1698 vi
694 1639 841 1719 efferatur,·

123 1772 125 1801 ,
232 1724 834 1803 nortmanniasummunniamedium.

123 1802 125 1833 ³
232 1813 489 1895 haecadquoddanr
501 1828 610 1893 tempus
620 1814 843 1894 cohaererepos··

234 1894 844 1979 sunt:semperauternnuliomodopoiiontt·

235 1984 340 2050 necesse
346 1984 383 2048 est
390 1988 476 2062 eninr,
487 1989 516 2045 in
525 1984 602 2044 sumn
609 2002 736 2064 quaeque
743 1984 838 2047 locun

235 2091 334 2136 natura
342 2074 471 2154 rapiatur.
488 2063 841 2150 nullnmigitoranirnrlest

236 2161 442 2241 sempiternum.
465 2156 510 2220 sed
525 2160 620 2218 omnia
632 2154 725 2236 vestri,
743 2159 839 2237 Balbe,

236 2245 326 2308 solent
341 2247 375 2306 ad
391 2249 499 2324 igneam
514 2248 573 2305 vim
584 2242 695 2319 referre,
714 2247 841 2307 Heracli·

127 2335 132 2364 *
236 2350 308 2410 turn,
320 2349 352 2393 ut
363 2336 478 2413 opinor,
490 2330 648 2411 sequentes:
659 2350 743 2409 qoem
751 2332 840 2412 ipsum

236 2442 297 2483 non
313 2440 417 2481 omnes
434 2420 650 2498 interpretantur
667 2438 727 2480 uno
741 2418 839 2479 modo.

238 2510 287 2586 qui
299 2508 444 2587 quoniam,
456 2504 525 2585 quid
535 2503 648 2576 diceret,
659 2502 775 2579 intelligi
781 2515 842 2563 'no-

238 2594 302 2667 luit,
314 2594 486 2651 omittamus.
508 2610 563 2649 vos
578 2603 669 2647 autern
684 2590 724 2645 ita
736 2589 841 2663 dicitis,

240 2696 352 2738 omnem
367 2680 426 2739 vim
441 2675 492 2737 effe
507 2677 610 2754 ignem.
634 2674 728 2752 itaque
741 2688 771 2731 et
781 2674 842 2731 ani·

240 2779 360 2845 mantes,
374 2758 668 2838 cumcalordet'rcerit,
679 2773 738 2820 tum
745 2760 826 2822 inter=
