2167 3425
240 404 299 478 176
343 403 401 460 ou
419 404 736 461 unmouonun

223 505 334 562 ‘borum
342 515 433 560 autem
444 499 630 576 constffione,
642 504 776 580 omnique
783 522 844 562 ms·

235 583 606 663 teria,etcultr,etfilvestri,
618 587 843 667 partimadcsie-
869 620 874 659 .·

210 705 213 711 Δ
236 672 394 734 faciendum
409 676 523 752 corpus,
541 674 601 750 igni
616 673 751 750 adhibito,
761 690 790 734 et
805 674 844 735 ad
876 717 880 724 ·

236 759 421 839 mitigandum
428 760 519 818 cibum
528 759 791 839 utimur‚partimad
798 781 844 819 ae-

229 845 416 921 dificsndum,
427 860 459 904 ut
470 847 549 906 tediis
564 844 632 926 septi
645 845 748 923 frigora
762 846 842 905 caio·

236 932 333 1013 resque
347 931 491 1012 pellamus.
515 952 633 1011 magnos
644 951 711 991 vero
723 930 785 989 usus
796 932 841 990 of.

236 1018 331 1080 fertad
339 1019 448 1096 navigia
456 1015 841 1099 iaciends,quommcuriibus
854 1039 857 1050 ·

236 1104 446 1188 suppeditantur
461 1126 560 1166 omnes
576 1105 698 1185 undique
708 1103 842 1166 advitam

237 1194 350 1274 copiae:
364 1189 483 1272 quasque
491 1212 536 1252 res
543 1192 749 1253 violentissimas
756 1207 841 1252 natu·

236 1300 267 1338 ra
274 1280 382 1358 genuit,
396 1299 490 1338 earum
498 1278 718 1339 moderationem
727 1299 780 1340 nos
789 1276 843 1339 soli

235 1367 379 1440 habemus,
390 1366 472 1425 maris
488 1381 573 1444 atque
583 1381 744 1440 ventorum,
756 1386 843 1446 prop.-

236 1464 280 1510 ter
294 1453 466 1510 nauticarum
479 1454 569 1510 rerum
581 1448 740 1512 scientiam:
755 1451 842 1532 pluri⁴

236 1534 341 1614 suisque
355 1538 500 1596 maritimis
517 1539 598 1597 rebus
615 1536 743 1613 fruimur,
759 1553 843 1618 atque

237 1623 352 1682 utimur.
377 1625 843 1686 terrenorumitemcommodomm
944 1685 948 1691 ,

237 1709 330 1769 omnis
338 1707 412 1769 estin
419 1710 532 1770 homine
539 1708 844 1773 dominatusmoscam.

237 1798 292 1877 pis,
304 1816 360 1853 nos
369 1798 511 1855 montibus
526 1796 659 1856 fruimur:
679 1797 764 1857 nostri
778 1797 844 1859 sunt

237 1902 344 1957 amnes,
358 1880 443 1941 nostri
450 1880 541 1942 lacus:
557 1904 611 1943 nos
618 1883 710 1961 fruges
717 1882 843 1961 serimus,

238 1971 479 2029 nosarboresrnos
488 1989 623 2049 aquarum
630 1969 842 2031 induffionibus

237 2058 318 2115 terris
332 2053 548 2115 foecunditatem
558 2055 671 2113 damme
684 2076 739 2115 nos
750 2057 842 2116 flumi-

237 2160 417 2213 marcemus,
429 2138 584 2217 dirigimus,
596 2141 763 2200 avertimus:
775 2141 841 2202 nos*
869 2174 875 2181 ·

233 2228 288 2285 tris
302 2224 421 2303 denique
436 2228 564 2285 manibus
582 2228 612 2283 in
631 2244 722 2284 rerum
741 2243 842 2288 natura

236 2310 312 2392 quast
320 2310 431 2369 alteram
443 2326 571 2371 naturam
582 2311 838 2372 efficereconamun
943 2351 956 2378 ⁴

238 2397 402 2475 Quidvero?
416 2399 562 2457 hominum
577 2398 649 2456 ratio
664 2416 724 2456 non
734 2398 765 2455 in
774 2416 839 2455 coe·
850 2417 878 2464 σι

235 2483 385 2565 iuniusque
396 2486 571 2565 penetravit?
584 2482 635 2543 soli
644 2485 719 2543 enim
730 2504 768 2543 ex
777 2483 839 2542 ani·

236 2572 373 2631 mantibus
388 2591 442 2629 nos
460 2569 593 2631 astrorum
610 2585 705 2645 ortus,
728 2570 840 2648 obitus,

235 2655 378 2735 cursusque
386 2658 585 2735 cognovimus:
598 2658 785 2725 abhominum
792 2678 840 2734 ge·

236 2742 404 2805 nerefinitus
415 2742 452 2805 est
463 2744 533 2821 dies,
545 2742 658 2824 menfis,
667 2764 775 2807 mnus:
790 2741 839 2803 de·
