2167 3425
275 428 322 485 44
425 406 491 461 ma
512 406 739 462 ammaus

271 502 413 563 edamffla
426 502 631 583 sopientiffimus
643 505 697 578 vir,
710 507 848 604 ldaacam
862 524 902 567 ut

270 591 389 664 videret,
400 590 636 651 immortalitatem
651 588 781 651 scribatur
797 614 896 673 repu-

270 676 363 740 diaffe.
415 685 588 737 Aaaacus.
600 698 653 753 ego
662 698 729 737 vero
738 680 793 737 tibi
802 679 892 740 istam
906 700 919 731 2

268 764 481 844 jufbmcausam
488 779 620 844 putemur
626 767 680 823 huc
686 763 827 824 libentius
835 788 889 827 ve·

271 855 345 929 nias,
356 868 439 931 atque
446 854 521 911 hunc
527 851 621 909 locum
628 849 739 927 diligas.
755 854 832 929 quin
841 855 886 932 ip·

270 938 374 1011 se‚ve're
381 935 590 1011 dimmsumffli
598 936 681 995 villae
689 940 810 997 amicior
816 960 886 999 mo·

270 1024 309 1084 do
315 1022 414 1098 fadus,
429 1041 514 1103 atque
523 1026 588 1083 huic
599 1026 679 1083 omni
690 1022 762 1100 solo,
775 1026 808 1085 in
820 1046 886 1105 quo

270 1127 388 1171 mortua
394 1127 424 1171 et
430 1126 591 1192 procreatus
600 1114 886 1173 esmomnnrmim

270 1197 363 1261 nescio
371 1219 428 1279 quo
436 1196 819 1279 padolocisipsas,inquibus
828 1220 883 1259 eo·
945 1219 946 1229 ¹

270 1308 344 1361 mm,
351 1308 423 1367 quos
430 1286 581 1362 diligamus,
589 1298 637 1343 aut
644 1283 883 1359 mmmmmd-

270 1372 335 1433 sont
341 1372 461 1449 vessagaa
485 1392 529 1431 me
536 1370 647 1449 quidem
658 1369 731 1448 ipsae
739 1370 804 1431 illae
810 1368 883 1431 aros·

269 1474 329 1517 trae
339 1463 465 1517 Athonao
472 1474 597 1517 nontam
608 1458 880 1535 operibusmagnifi-

268 1546 310 1602 oio
317 1542 510 1623 exquifitisquo
521 1546 701 1623 antiquorum
713 1547 819 1603 artibus
827 1544 877 1605 de·

267 1628 380 1703 ledam,
399 1650 484 1708 quam
499 1628 690 1689 recordatione
706 1628 877 1693 summorum

268 1718 406 1789 virorum,
417 1720 467 1777 ubi
474 1717 589 1796 quisque
596 1719 730 1788 habitare,
743 1717 876 1778 ubisede·

268 1823 310 1880 κ,
321 1805 369 1863 ubi
384 1803 520 1883 disputare
534 1803 566 1862 fit
578 1801 690 1861 solitus:
704 1803 876 1883 studioseque

269 1889 583 1968 commetiamsepulcra
591 1888 777 1968 contemplor..
790 1911 875 1969 quare

268 1976 647 2054 istum,ubituesnatus,plus
656 1978 754 2034 amabo
763 1977 874 2054 posthac

269 2065 375 2124 locum.
386 2071 547 2123 Mancus.
556 2061 662 2140 gaudeo
671 2063 767 2138 igitur,
776 2064 872 2122 mein·

269 2146 785 2229 onnabulapaenemeatibiostendiffe.
810 2156 873 2208 Ατ-

273 2255 388 2295 aleos.
401 2237 529 2312 equidem
536 2255 581 2292 me
588 2232 717 2311 cognosse
725 2234 873 2296 admodum

270 2321 388 2401 gaudeo·
411 2320 457 2380 sed
469 2321 537 2380 illud
546 2337 639 2380 tamen
648 2319 729 2398 quale
735 2320 785 2394 est,
797 2323 873 2400 quod

270 2408 354 2488 paulo
362 2421 427 2466 ante
434 2407 536 2478 dixisti3
546 2411 620 2466 hunc
629 2407 721 2466 locum
727 2408 871 2482 (idemego

270 2510 299 2552 oe
314 2494 419 2570 accipio
438 2493 529 2551 dicere
543 2496 699 2570 Arpiuum)
713 2511 869 2569 germanam

270 2581 388 2656 patriam
395 2576 446 2636 effe
458 2577 587 2636 vestram?
602 2579 737 2654 numquid
749 2577 866 2635 dumba·

270 2666 342 2720 betis
351 2665 469 2741 patrias?
482 2684 519 2721 an
529 2661 567 2720 est
578 2663 689 2719 illauna
701 2664 790 2739 patria
796 2681 868 2722 com·

303 2749 378 2808 mis?
390 2748 443 2809 nifi
450 2749 525 2809 forne
535 2747 650 2825 sapienti
661 2745 702 2804 illi
710 2749 812 2806 Catoni
818 2747 868 2808 fuit
