2167 3425
248 377 309 452 184
356 375 413 432 DE
430 377 537 434 NAT.
553 375 747 434 DEORUM

242 479 353 551 civitas,
365 491 393 534 et
401 473 519 538 Graecia
530 475 593 534 tulit
601 473 751 553 fingulares
759 477 851 552 viros,

243 581 364 644 quorum
374 564 511 621 neminem
521 561 572 620 nifi
578 563 697 639 juvante
705 563 757 623 deo
765 563 852 622 talem

243 647 493 711 fuiffecrede'ndum
504 647 553 707 est.
577 668 647 726 quae
659 651 731 707 ratio
740 653 853 729 poe'tas,

244 738 419 816 maximeque
428 740 594 808 Homerum,
602 732 721 814 impulit,
732 751 764 793 ut
771 739 852 815 prin·

245 825 350 905 cipibus
367 826 493 894 heroum,
505 821 600 899 Ulyffi,
619 821 761 892 Diomedi,
773 829 852 899 Aga-

243 910 399 980 memnoni,
412 904 852 982 Achilli,certopdeos,discrimi·

246 992 850 1074 num'etpericulorumcomites,adjungeret.

144 1134 149 1143 ,
246 1077 852 1164 praetereaipsommdeorumsaepepraesen·

245 1170 311 1244 riae,
324 1166 418 1248 quales
433 1165 512 1248 supra
523 1169 749 1242 commemoravi,
760 1166 852 1227 decia·

247 1271 320 1331 rant,
332 1255 366 1313 ab
374 1255 452 1312 hiset
463 1255 633 1328 civitatibus,
643 1252 788 1332 etfingulis
796 1258 851 1314 ho·

246 1343 367 1414 minibus
376 1339 490 1400 consuli.
514 1339 852 1418 quod'qoidemintelligi*

248 1445 293 1486 tur
300 1429 382 1486 etiarn
389 1424 633 1502 fignificationibue
645 1428 852 1487 rerumfutura·

247 1533 319 1586 rum,
335 1531 405 1590 quae
416 1527 476 1570 tum
487 1506 699 1588 dormientibus,
712 1516 851 1594 rumvigi·

246 1599 368 1658 lentibus
377 1597 592 1676 portenduntur.
617 1600 852 1678 multapraeterea

247 1683 458 1758 ostendendo
466 1685 538 1743 extis
546 1684 737 1762 admonemur,
745 1686 852 1747 multis·

247 1792 302 1851 que
313 1773 392 1831 rebus
405 1770 481 1831 aliis:
498 1790 568 1850 quae
582 1772 731 1832 diuturnus
742 1772 852 1834 ususita

247 1860 368 1933 notavit,
380 1874 411 1917 ut
425 1874 512 1917 artem
526 1858 708 1919 divinationis
722 1861 850 1921 efficeret.

248 1966 331 2006 nemo
339 1947 423 2021 igitur
444 1946 488 2003 vir
499 1964 616 2021 magnus
629 1944 685 2005 fine
700 1946 794 2025 aliquo
810 1947 851 2005 af·

247 2032 313 2093 flatu
328 2030 426 2091 divino
441 2050 565 2109 unquam
578 2030 641 2090 fuit.
665 2052 718 2096 nec
731 2054 800 2093 vero
811 2034 851 2094 ita

247 2117 426 2180 refellendum
434 2114 481 2191 est,
493 2131 536 2191 ut,
548 2114 851 2193 fisegetibusautvine·

248 2206 285 2265 tis
295 2200 445 2281 cujuspiam
459 2200 604 2281 tempestas
620 2205 761 2277 no'cuerit,
772 2202 851 2265 eutii

246 2288 338 2371 quide
349 2289 421 2347 vitae'
436 2287 592 2347 commodis
609 2288 685 2347 casus
699 2288 849 2365 abstulerit,

247 2398 322 2451 eum,
333 2376 378 2435 cui
387 2374 453 2454 quid
461 2378 561 2433 horum
569 2374 708 2448 acciderit,
720 2376 850 2434 aur-invi·

246 2462 306 2523 ium
314 2462 378 2535 deo,
389 2476 436 2519 aut
444 2460 850 2539 neglee‘iumadeojudicemus.

247 2548 392 2627 magnodii
402 2565 509 2623 curant,
517 2569 602 2627 parva
610 2550 764 2627 negligunt.
776 2568 852 2628 mag·

248 2638 293 2695 nis
301 2636 464 2695 autemviris
477 2633 742 2715 prospereereniunt
750 2634 854 2716 semper

247 2740 414 2783 omuesres:
431 2720 643 2805 [iquidemsatis
655 2722 791 2803 anostris,
802 2738 852 2785 eta
