2167 3425
124 541 125 544 Ν
334 452 479 512 mnf<
501 452 686 509 ptumus,
778 464 837 528 31*

124 567 125 574 ’
218 546 820 637 ΐιιιιῑ,ει]υε,ιιοωηεὴοηεῐὶιιωΐυᾳΐροη-

124 643 125 668 ³
219 636 311 701 teess'e
327 637 521 721 expetendum.
543 636 647 696 etenim
657 654 754 697 omnes
765 636 820 696 viri

124 749 125 752 ’
217 726 288 789 boni
305 724 390 807 ipsam
406 724 571 804 aequitatem
586 718 614 781 et
625 722 675 802 jus
688 718 776 809 ipsum
791 742 821 781 a·

217 828 313 886 mann
326 833 377 872 nec
384 810 422 871 est
428 812 483 871 viri
490 811 570 886 boni,
578 828 679 883 errare,
690 822 719 867 et
725 802 821 886 dilige

219 893 715 980 requodpersenonfitdiligendum.
737 892 822 977 perse

219 987 306 1067 igitur
316 986 364 1065 jus
378 982 416 1043 est
426 982 610 1063 expetendum
622 996 651 1041 et
664 979 821 1043 colendum.

219 1070 326 1156 quodfi
337 1072 386 1151 jus
397 1066 450 1129 este
461 1071 545 1128 etiam
556 1067 671 1147 justitia.
693 1067 730 1129 fic
744 1068 775 1127 in
790 1088 823 1129 et

220 1159 341 1239 reliquae
351 1176 464 1237 quoque
473 1158 590 1216 virtutes
602 1152 684 1235 perse
691 1153 823 1217 colendae

220 1243 295 1308 sunt.
317 1244 383 1323 quid
391 1241 552 1302 liberalitas?
564 1243 718 1321 gratuitane
724 1238 772 1315 est,
786 1261 824 1301 an

220 1330 404 1392 mercenaria?
415 1326 435 1387 fi
447 1328 503 1388 fine
513 1322 634 1410 praemio
647 1328 766 1405 benigna
773 1324 825 1401 est,

221 1418 356 1496 gratuitae
367 1414 457 1477 ficum
465 1415 600 1491 mercede,
611 1413 761 1475 condutta:
771 1432 824 1473 nec

222 1502 260 1567 est
272 1503 395 1578 dubium,
407 1505 476 1583 quin
488 1502 525 1578 is,
536 1502 586 1581 qui
596 1499 714 1560 liberalis
725 1501 823 1579 benig·

222 1588 308 1652 nusve
318 1589 429 1666 dicitur,
439 1589 573 1663 officium,
584 1608 643 1647 non
654 1585 770 1647 frueium
783 1584 823 1646 se·

224 1694 336 1760 quatur.
359 1698 426 1756 ergo
440 1677 507 1736 item
518 1673 622 1753 justitia
633 1673 702 1736 nihil
716 1675 824 1755 expetit

224 1765 349 1846 praemii,
360 1764 531 1843 nihilpretii.
556 1782 605 1843 per
615 1759 641 1821 se
650 1763 733 1840 igitur
740 1781 823 1842 expe·

226 1852 304 1909 titur.
327 1850 473 1928 eademque
482 1851 608 1909 omnium
618 1851 751 1908 virtutum
759 1867 824 1908 cau·

225 1933 265 2012 se,
276 1951 358 2015 atque
370 1933 502 1994 sententia
510 1934 558 1995 est.
581 1951 664 2014 atque
673 1935 755 1993 etiam
766 1931 785 1992 fi
795 1953 825 1994 e·

223 2020 416 2095 molumenth,
434 2041 493 2080 non
504 2018 553 2080 sua
562 2019 660 2100 sponte
674 2022 763 2080 virtus
774 2039 824 2079 ex·

223 2109 367 2191 penditur,
384 2127 440 2166 una
453 2109 506 2166 erit
518 2108 621 2184 virtus,
640 2127 710 2188 quae
724 2105 827 2166 malitia

224 2195 363 2255 rettiffime
376 2194 491 2253 dicetur.
517 2208 550 2251 ut
559 2195 634 2254 enim
644 2191 757 2274 quisque
767 2214 826 2254 me·

223 2282 300 2343 xime
316 2281 351 2340 ad
366 2277 443 2341 suum
458 2280 637 2339 commodiun
649 2279 731 2340 refert
741 2300 826 2360 quae·

223 2388 343 2447 eumque
356 2368 424 2444 agit',
435 2367 475 2424 ita
486 2367 601 2424 minime
612 2364 648 2424 est
657 2369 702 2425 vir
716 2369 824 2440 bonus;

223 2452 827 2534 Μ

427 2581 438 2612 ‚
758 2581 765 2598 ,
814 2569 826 2584 .

226 2625 255 2684 bi
266 2626 341 2682 enim
351 2623 500 2699 beneficus,
511 2623 532 2683 fi
547 2644 629 2682 nemo
641 2625 752 2684 alterius
764 2644 827 2683 cau-

225 2709 256 2771 sa
265 2711 385 2788 benigne
396 2709 476 2769 facit?
488 2712 535 2769 ubi
545 2726 652 2790 gratus,
663 2708 683 2769 fi
695 2729 754 2768 non
765 2730 828 2770 eum

225 2793 332 2880 iusum,
358 2797 403 2856 cui
419 2794 543 2856 referunt
560 2797 692 2877 gratiam,
711 2812 829 2858 cernunt
