2167 3425
325 415 458 472 monn
479 416 687 477 Tmtcms.
744 435 801 496 ιρι

197 511 343 588 tenflbus,
354 512 424 572 idem
434 513 551 574 facerem
563 517 593 574 in
601 519 652 575 inc
659 515 808 579 subtilitate

200 599 352 662 sermonis.
373 621 423 660 nir
438 617 600 660 contuetere
614 618 705 661 autem
719 603 808 665 altero

145 703 149 714 ’
180 685 302 760 noculo,
313 686 390 746 causa
404 709 464 748 non
474 687 555 761 esset3
567 689 712 748 cumidem
723 691 807 750 obto-

201 789 249 832 tus
258 773 323 834 effet
331 776 514 849 amborum,et
522 797 586 834 com
596 795 687 833 rerum
696 792 808 852 natum,

200 853 286 940 quam
302 877 331 920 tu
348 859 495 939 sapientem
503 860 558 923 eise
568 863 624 936 vis,
635 861 692 920 duo
702 861 808 923 tumim

196 949 236 1007 ob
245 951 341 1007 animo
349 948 384 1006 ad
392 947 490 1007 oculos
498 948 698 1026 perforatanos
707 951 808 1011 habere
890 1007 898 1024 ,

195 1033 340 1094 voluiffet.
365 1033 409 1094 sed
424 1037 559 1114 quianon
568 1035 737 1114 confidebas,
749 1053 807 1099 tam
896 1095 899 1101 .

195 1119 252 1182 ¹eise
260 1121 290 1180 id
298 1120 482 1202 perspicuum,
492 1141 575 1200 quam
584 1123 707 1196 tavelie3
721 1145 807 1204 prop·

198 1224 277 1268 terea
285 1208 379 1267 multis
388 1211 557 1286 argumentis
568 1209 635 1268 deos
646 1208 698 1267 effe
708 1211 809 1269 docere

199 1294 322 1355 voluisti.
347 1297 415 1354 mihi
430 1295 504 1353 enim
515 1315 601 1354 unum
613 1294 678 1353 satis
688 1313 759 1369 erat,
770 1298 810 1356 itt

198 1384 286 1442 nobis
295 1383 413 1459 majores
429 1381 536 1441 nostros
548 1380 696 1442 tradidisse.
719 1380 765 1442 sed
776 1396 808 1442 tu
901 1456 904 1459 Ι
925 1451 928 1456 ,

201 1471 379 1530 auctoritates
391 1471 561 1544 contemnis,
572 1470 680 1529 ratione
687 1489 805 1550 pugnas.

199 1572 295 1637 patere
311 1557 407 1635 igitur,
431 1557 567 1614 rationem
581 1575 669 1616 meam
684 1579 748 1618 cum
759 1573 808 1619 tut

199 1646 311 1704 ratione
326 1641 503 1702 contendere.
527 1639 608 1702 affers
627 1647 809 1705 haecomnia

198 1746 374 1809 argumenta,
383 1749 431 1790 cur
439 1730 477 1789 dii
485 1728 550 1790 fint:
559 1750 671 1812 remque
677 1731 807 1793 mensen-

197 1819 289 1879 tentia
296 1816 809 1895 minimednbiatn‚argumentando‘du·

198 1906 276 1963 biam
284 1902 363 1963 facis.
375 1903 502 1964 mandavi
510 1906 584 1964 enim
592 1908 807 1968 memoriaenon

201 2010 351 2051 numerum
362 1988 461 2066 solum,
473 1990 517 2051 sed
532 1993 616 2051 etiam
627 1992 755 2052 ordinem
763 2012 807 2051 ar·

201 2090 528 2156 gumentommtuorum.
546 2082 664 2159 primum
671 2078 808 2153 fnit‚cum

197 2164 312 2225 coelun
321 2162 535 2243 suspendemus,
547 2164 635 2225 statim
644 2186 697 2225 nos
706 2166 808 2228 intelli·

199 2270 266 2329 gere
274 2249 324 2311 ess'e
332 2252 445 2331 aliquod
455 2256 701 2333 numen,quohaec
709 2274 809 2333 regan·

200 2354 258 2399 tur.
283 2339 556 2412 exhocilludetiam,

225 2424 341 2506 Adspice
349 2429 403 2486 hoc
411 2424 523 2483 sublime
531 2425 665 2502 candens,
673 2430 808 2505 quemin-

269 2529 373 2571 vocant
380 2531 478 2571 omnes
487 2518 597 2587 Jovem.

204 2597 353 2679 qu'afiveto
361 2596 504 2677 quisquam
512 2597 636 2656 nostrfim
647 2596 725 2657 istum
733 2601 810 2678 poti·

204 2706 249 2760 us,
261 2706 344 2765 quam
357 2683 548 2765 Capitolinum
563 2692 662 2761 Jovem
675 2684 806 2763 appellett

205 2776 315 2834 authoc
325 2770 495 2853 perspicuum
507 2768 551 2845 sn,
562 2767 722 2849 constetque
736 2772 811 2830 inter
