2167 3425
950 306 956 349 i

294 395 334 473 9⁶
398 396 457 451 nn
474 394 580 453 NAT.
597 392 799 452 DEORUM*
943 371 954 525 ι*

292 511 380 572 oquae
395 494 477 551 etiam
493 490 635 551 admistum
645 491 697 551 eise
710 482 830 552 calorem
841 514 899 574 pm

291 577 430 657 mumipse
438 577 901 657 liquor,tumaquaedecla1ateffu·

292 663 349 725 fio:
362 686 433 746 quae
445 684 534 742 neque
542 663 729 740 conglaciaret
738 665 900 743 frigoribus,

293 772 384 831 neque
395 755 459 809 nive
470 752 625 829 pruinaque
640 748 838 826 concresceret,
850 753 901 812 nifi

293 838 386 897 eadem
395 836 421 895 se
433 835 547 894 admisto
558 836 651 896 calore
662 837 812 914 liquefue‘iu⁴
821 853 851 896 et
858 839 900 898 di·
955 903 956 914 χ

293 922 366 1003 lapsa
374 922 553 983 diffunderet.
577 924 669 1001 itaque
682 937 710 979 et
721 922 899 1000 aquilonibus

293 1008 457 1088 reliquisque
478 1008 628 1084 frigoribus
646 1008 758 1084 adjetiis
776 1006 899 1071 durescit

292 1092 898 1173 humorretidemviciffimmolliturtepefac-

293 1198 351 1257 tus,
364 1181 511 1240 ettabescit
525 1181 626 1239 calore.
651 1196 734 1258 atque
746 1180 828 1239 etiam
837 1202 898 1242 ma·

292 1270 441 1348 riaagitrta
448 1270 539 1327 ventis
548 1270 587 1325 ita
594 1266 746 1346 tepescunt,
757 1281 789 1325 ut
796 1269 899 1329 intelli-

293 1359 323 1435 gi
331 1356 410 1414 facile
422 1354 512 1434 poffit,
525 1356 555 1411 in
571 1356 656 1412 tantis
673 1353 725 1412 illis
734 1356 897 1413 humoribus

292 1438 426 1503 inclusum
433 1437 482 1497 effe
491 1438 621 1498 calorem.
645 1459 696 1497 nec
708 1441 781 1496 enim
794 1438 899 1501 illeex·

293 1543 388 1585 ternus
398 1540 424 1583 et
432 1524 601 1583 adventitius
609 1521 796 1583 habendusest
804 1538 898 1602 tepor,
939 1592 945 1599 ,

293 1611 381 1687 iudet}
389 1612 494 1669 intimis
510 1612 594 1667 maris
606 1610 729 1688 partibus
744 1608 898 1683 agitatione
938 1628 954 1658 ⁰·

292 1700 443 1759 excitatus:
458 1692 759 1775 quodnostrisquoque
770 1698 897 1775 corpori·
947 1706 950 1711 '

291 1787 342 1844 bus
352 1785 502 1859 contingit,
513 1801 576 1840 cum
583 1797 662 1840 motu
669 1795 752 1860 atque
760 1785 896 1842 exercita·

292 1873 369 1930 tione
378 1867 554 1929 recalescunt.
578 1866 896 1947 ipseveroae'r,quina·
946 1890 950 1898 ·

292 1956 397 2022 turaest
405 1957 523 2016 maxime
536 1954 663 2033 frigidus,
674 1955 786 2014 minime
799 1954 899 2014 estex-⁴

291 2064 354 2125 pers
362 2043 473 2103 caloris.
496 2041 543 2099 ille
557 2062 626 2101 vero
639 2057 667 2099 et
681 2041 769 2100 multo
784 2042 895 2118 quidem

292 2130 383 2190 calore
392 2126 519 2188 admistus
534 2127 585 2185 este
601 2126 658 2205 ipse
673 2128 748 2184 enim
763 2129 901 2197 oriturex,

291 2214 618 2294 respirationeaquarum.
642 2213 817 2270 earumenim
825 2225 897 2291 quad

290 2299 524 2381 fivnporquidam
536 2297 789 2357 ae'rhabendusest.
813 2300 895 2357 isau-

291 2404 347 2452 tem
356 2385 454 2446 exfissit
462 2401 541 2444 motu
552 2387 612 2462 ejus
628 2384 741 2457 caloris,
753 2384 801 2460 qui
812 2387 895 2460 aquis

290 2476 465 2536 continetur:
478 2491 561 2550 quam
571 2469 773 2530 similitudinem
779 2489 897 2530 eernere

291 2560 430 2643 poisumus
446 2561 475 2617 in
488 2561 522 2616 iis
533 2560 625 2638 aquis,
636 2576 706 2635 quae
713 2552 895 2626 effervescunt

291 2647 405 2708 subditis
413 2647 534 2722 ignibus.
555 2642 894 2724 jamveroreliquaquur·

292 2750 391 2824 tupars
400 2731 552 2816 mundikea
560 2748 587 2792 et
598 2729 655 2814 ipsa
666 2727 895 2791 totuuaturafer·
